%YAML 1.1
%TAG !u! tag:unity3d.com,2011:
--- !u!1 &713429140311285666
GameObject:
  m_ObjectHideFlags: 0
  m_CorrespondingSourceObject: {fileID: 0}
  m_PrefabInstance: {fileID: 0}
  m_PrefabAsset: {fileID: 0}
  serializedVersion: 6
  m_Component:
  - component: {fileID: 713429140311285671}
  - component: {fileID: 713429140311285668}
  - component: {fileID: 713429140311285669}
  m_Layer: 8
  m_Name: Checkmark
  m_TagString: Untagged
  m_Icon: {fileID: 0}
  m_NavMeshLayer: 0
  m_StaticEditorFlags: 0
  m_IsActive: 1
--- !u!224 &713429140311285671
RectTransform:
  m_ObjectHideFlags: 0
  m_CorrespondingSourceObject: {fileID: 0}
  m_PrefabInstance: {fileID: 0}
  m_PrefabAsset: {fileID: 0}
  m_GameObject: {fileID: 713429140311285666}
  m_LocalRotation: {x: -0, y: -0, z: -0, w: 1}
  m_LocalPosition: {x: 0, y: 0, z: 0}
  m_LocalScale: {x: 1, y: 1, z: 1}
  m_ConstrainProportionsScale: 0
  m_Children: []
  m_Father: {fileID: 713429140423377848}
  m_LocalEulerAnglesHint: {x: 0, y: 0, z: 0}
  m_AnchorMin: {x: 0, y: 0.5}
  m_AnchorMax: {x: 0, y: 0.5}
  m_AnchoredPosition: {x: 10, y: 0}
  m_SizeDelta: {x: 20, y: 20}
  m_Pivot: {x: 0.5, y: 0.5}
--- !u!222 &713429140311285668
CanvasRenderer:
  m_ObjectHideFlags: 0
  m_CorrespondingSourceObject: {fileID: 0}
  m_PrefabInstance: {fileID: 0}
  m_PrefabAsset: {fileID: 0}
  m_GameObject: {fileID: 713429140311285666}
  m_CullTransparentMesh: 0
--- !u!114 &713429140311285669
MonoBehaviour:
  m_ObjectHideFlags: 0
  m_CorrespondingSourceObject: {fileID: 0}
  m_PrefabInstance: {fileID: 0}
  m_PrefabAsset: {fileID: 0}
  m_GameObject: {fileID: 713429140311285666}
  m_Enabled: 1
  m_EditorHideFlags: 0
  m_Script: {fileID: 11500000, guid: fe87c0e1cc204ed48ad3b37840f39efc, type: 3}
  m_Name: 
  m_EditorClassIdentifier: 
  m_Material: {fileID: 2100000, guid: 2d4b915240258d24e9d5112b0cb13eab, type: 2}
  m_Color: {r: 0.9, g: 0.9, b: 0.9, a: 1}
  m_RaycastTarget: 1
  m_RaycastPadding: {x: 0, y: 0, z: 0, w: 0}
  m_Maskable: 1
  m_OnCullStateChanged:
    m_PersistentCalls:
      m_Calls: []
  m_Sprite: {fileID: 21300000, guid: 9ca135e4b19996e4c94869d682461aef, type: 3}
  m_Type: 0
  m_PreserveAspect: 0
  m_FillCenter: 1
  m_FillMethod: 4
  m_FillAmount: 1
  m_FillClockwise: 1
  m_FillOrigin: 0
  m_UseSpriteMesh: 0
  m_PixelsPerUnitMultiplier: 1
--- !u!1 &713429140406208118
GameObject:
  m_ObjectHideFlags: 0
  m_CorrespondingSourceObject: {fileID: 0}
  m_PrefabInstance: {fileID: 0}
  m_PrefabAsset: {fileID: 0}
  serializedVersion: 6
  m_Component:
  - component: {fileID: 713429140406208121}
  - component: {fileID: 713429140406208123}
  - component: {fileID: 1533451106124438442}
  m_Layer: 8
  m_Name: Label
  m_TagString: Untagged
  m_Icon: {fileID: 0}
  m_NavMeshLayer: 0
  m_StaticEditorFlags: 0
  m_IsActive: 1
--- !u!224 &713429140406208121
RectTransform:
  m_ObjectHideFlags: 0
  m_CorrespondingSourceObject: {fileID: 0}
  m_PrefabInstance: {fileID: 0}
  m_PrefabAsset: {fileID: 0}
  m_GameObject: {fileID: 713429140406208118}
  m_LocalRotation: {x: -0, y: -0, z: -0, w: 1}
  m_LocalPosition: {x: 0, y: 0, z: 0}
  m_LocalScale: {x: 1, y: 1, z: 1}
  m_ConstrainProportionsScale: 0
  m_Children: []
  m_Father: {fileID: 713429140423377848}
  m_LocalEulerAnglesHint: {x: 0, y: 0, z: 0}
  m_AnchorMin: {x: 0, y: 0}
  m_AnchorMax: {x: 1, y: 1}
  m_AnchoredPosition: {x: 5.99, y: -0.5}
  m_SizeDelta: {x: -34.025795, y: -3}
  m_Pivot: {x: 0.5, y: 0.5}
--- !u!222 &713429140406208123
CanvasRenderer:
  m_ObjectHideFlags: 0
  m_CorrespondingSourceObject: {fileID: 0}
  m_PrefabInstance: {fileID: 0}
  m_PrefabAsset: {fileID: 0}
  m_GameObject: {fileID: 713429140406208118}
  m_CullTransparentMesh: 0
--- !u!114 &1533451106124438442
MonoBehaviour:
  m_ObjectHideFlags: 0
  m_CorrespondingSourceObject: {fileID: 0}
  m_PrefabInstance: {fileID: 0}
  m_PrefabAsset: {fileID: 0}
  m_GameObject: {fileID: 713429140406208118}
  m_Enabled: 1
  m_EditorHideFlags: 0
  m_Script: {fileID: 11500000, guid: f4688fdb7df04437aeb418b961361dc5, type: 3}
  m_Name: 
  m_EditorClassIdentifier: 
  m_Material: {fileID: 0}
  m_Color: {r: 1, g: 1, b: 1, a: 1}
  m_RaycastTarget: 1
  m_RaycastPadding: {x: 0, y: 0, z: 0, w: 0}
  m_Maskable: 1
  m_OnCullStateChanged:
    m_PersistentCalls:
      m_Calls: []
  m_text: Prefer Alternate Url
  m_isRightToLeft: 0
  m_fontAsset: {fileID: 11400000, guid: b519371b370990c44a6e753ec694634c, type: 2}
  m_sharedMaterial: {fileID: 2180264, guid: b519371b370990c44a6e753ec694634c, type: 2}
  m_fontSharedMaterials: []
  m_fontMaterial: {fileID: 0}
  m_fontMaterials: []
  m_fontColor32:
    serializedVersion: 2
    rgba: 4293322470
  m_fontColor: {r: 0.9, g: 0.9, b: 0.9, a: 1}
  m_enableVertexGradient: 0
  m_colorMode: 3
  m_fontColorGradient:
    topLeft: {r: 1, g: 1, b: 1, a: 1}
    topRight: {r: 1, g: 1, b: 1, a: 1}
    bottomLeft: {r: 1, g: 1, b: 1, a: 1}
    bottomRight: {r: 1, g: 1, b: 1, a: 1}
  m_fontColorGradientPreset: {fileID: 0}
  m_spriteAsset: {fileID: 0}
  m_tintAllSprites: 0
  m_StyleSheet: {fileID: 0}
  m_TextStyleHashCode: -1183493901
  m_overrideHtmlColors: 0
  m_faceColor:
    serializedVersion: 2
    rgba: 4294967295
  m_fontSize: 13.6
  m_fontSizeBase: 14
  m_fontWeight: 400
  m_enableAutoSizing: 1
  m_fontSizeMin: 8
  m_fontSizeMax: 18
  m_fontStyle: 0
  m_HorizontalAlignment: 1
  m_VerticalAlignment: 256
  m_textAlignment: 65535
  m_characterSpacing: 0
  m_wordSpacing: 0
  m_lineSpacing: 0
  m_lineSpacingMax: 0
  m_paragraphSpacing: 0
  m_charWidthMaxAdj: 0
  m_enableWordWrapping: 1
  m_wordWrappingRatios: 0.4
  m_overflowMode: 0
  m_linkedTextComponent: {fileID: 0}
  parentLinkedComponent: {fileID: 0}
  m_enableKerning: 1
  m_enableExtraPadding: 0
  checkPaddingRequired: 0
  m_isRichText: 1
  m_parseCtrlCharacters: 1
  m_isOrthographic: 1
  m_isCullingEnabled: 0
  m_horizontalMapping: 0
  m_verticalMapping: 0
  m_uvLineOffset: 0
  m_geometrySortingOrder: 0
  m_IsTextObjectScaleStatic: 0
  m_VertexBufferAutoSizeReduction: 0
  m_useMaxVisibleDescender: 1
  m_pageToDisplay: 1
  m_margin: {x: 0, y: 0, z: 0, w: 0}
  m_isUsingLegacyAnimationComponent: 0
  m_isVolumetricText: 0
  m_hasFontAssetChanged: 0
  m_baseMaterial: {fileID: 0}
  m_maskOffset: {x: 0, y: 0, z: 0, w: 0}
--- !u!1 &713429140423377844
GameObject:
  m_ObjectHideFlags: 0
  m_CorrespondingSourceObject: {fileID: 0}
  m_PrefabInstance: {fileID: 0}
  m_PrefabAsset: {fileID: 0}
  serializedVersion: 6
  m_Component:
  - component: {fileID: 713429140423377848}
  - component: {fileID: 713429140423377849}
  - component: {fileID: 713429140423377846}
  - component: {fileID: 3102422076482917217}
  m_Layer: 8
  m_Name: UrlToggle
  m_TagString: Untagged
  m_Icon: {fileID: 0}
  m_NavMeshLayer: 0
  m_StaticEditorFlags: 0
  m_IsActive: 0
--- !u!224 &713429140423377848
RectTransform:
  m_ObjectHideFlags: 0
  m_CorrespondingSourceObject: {fileID: 0}
  m_PrefabInstance: {fileID: 0}
  m_PrefabAsset: {fileID: 0}
  m_GameObject: {fileID: 713429140423377844}
  m_LocalRotation: {x: -0, y: -0, z: -0, w: 1}
  m_LocalPosition: {x: 0, y: 0, z: 0}
  m_LocalScale: {x: 1, y: 1, z: 1}
  m_ConstrainProportionsScale: 0
  m_Children:
  - {fileID: 713429140311285671}
  - {fileID: 713429140406208121}
  m_Father: {fileID: 4086930393932499566}
  m_LocalEulerAnglesHint: {x: 0, y: 0, z: 0}
  m_AnchorMin: {x: 0.5, y: 1}
  m_AnchorMax: {x: 0.5, y: 1}
  m_AnchoredPosition: {x: -23.01, y: 26}
  m_SizeDelta: {x: 150.31204, y: 20}
  m_Pivot: {x: 0.5, y: 1}
--- !u!222 &713429140423377849
CanvasRenderer:
  m_ObjectHideFlags: 0
  m_CorrespondingSourceObject: {fileID: 0}
  m_PrefabInstance: {fileID: 0}
  m_PrefabAsset: {fileID: 0}
  m_GameObject: {fileID: 713429140423377844}
  m_CullTransparentMesh: 0
--- !u!114 &713429140423377846
MonoBehaviour:
  m_ObjectHideFlags: 0
  m_CorrespondingSourceObject: {fileID: 0}
  m_PrefabInstance: {fileID: 0}
  m_PrefabAsset: {fileID: 0}
  m_GameObject: {fileID: 713429140423377844}
  m_Enabled: 1
  m_EditorHideFlags: 0
  m_Script: {fileID: 11500000, guid: fe87c0e1cc204ed48ad3b37840f39efc, type: 3}
  m_Name: 
  m_EditorClassIdentifier: 
  m_Material: {fileID: 2100000, guid: 2d4b915240258d24e9d5112b0cb13eab, type: 2}
  m_Color: {r: 0.2, g: 0.2, b: 0.2, a: 1}
  m_RaycastTarget: 1
  m_RaycastPadding: {x: 0, y: 0, z: 0, w: 0}
  m_Maskable: 1
  m_OnCullStateChanged:
    m_PersistentCalls:
      m_Calls: []
  m_Sprite: {fileID: 0}
  m_Type: 0
  m_PreserveAspect: 0
  m_FillCenter: 1
  m_FillMethod: 4
  m_FillAmount: 1
  m_FillClockwise: 1
  m_FillOrigin: 0
  m_UseSpriteMesh: 0
  m_PixelsPerUnitMultiplier: 1
--- !u!114 &3102422076482917217
MonoBehaviour:
  m_ObjectHideFlags: 0
  m_CorrespondingSourceObject: {fileID: 0}
  m_PrefabInstance: {fileID: 0}
  m_PrefabAsset: {fileID: 0}
  m_GameObject: {fileID: 713429140423377844}
  m_Enabled: 1
  m_EditorHideFlags: 0
  m_Script: {fileID: 11500000, guid: 9085046f02f69544eb97fd06b6048fe2, type: 3}
  m_Name: 
  m_EditorClassIdentifier: 
  m_Navigation:
    m_Mode: 0
    m_WrapAround: 0
    m_SelectOnUp: {fileID: 0}
    m_SelectOnDown: {fileID: 0}
    m_SelectOnLeft: {fileID: 0}
    m_SelectOnRight: {fileID: 0}
  m_Transition: 0
  m_Colors:
    m_NormalColor: {r: 1, g: 1, b: 1, a: 1}
    m_HighlightedColor: {r: 0.9607843, g: 0.9607843, b: 0.9607843, a: 1}
    m_PressedColor: {r: 0.78431374, g: 0.78431374, b: 0.78431374, a: 1}
    m_SelectedColor: {r: 0.9607843, g: 0.9607843, b: 0.9607843, a: 1}
    m_DisabledColor: {r: 0.78431374, g: 0.78431374, b: 0.78431374, a: 0.5019608}
    m_ColorMultiplier: 1
    m_FadeDuration: 0.1
  m_SpriteState:
    m_HighlightedSprite: {fileID: 0}
    m_PressedSprite: {fileID: 0}
    m_SelectedSprite: {fileID: 0}
    m_DisabledSprite: {fileID: 0}
  m_AnimationTriggers:
    m_NormalTrigger: Normal
    m_HighlightedTrigger: Highlighted
    m_PressedTrigger: Pressed
    m_SelectedTrigger: Selected
    m_DisabledTrigger: Disabled
  m_Interactable: 1
  m_TargetGraphic: {fileID: 713429140423377846}
  toggleTransition: 1
  graphic: {fileID: 713429140311285669}
  m_Group: {fileID: 0}
  onValueChanged:
    m_PersistentCalls:
      m_Calls:
      - m_Target: {fileID: 4086930393932499567}
        m_TargetAssemblyTypeName: VRC.Udon.UdonBehaviour, VRC.Udon
        m_MethodName: SendCustomEvent
        m_Mode: 5
        m_Arguments:
          m_ObjectArgument: {fileID: 0}
          m_ObjectArgumentAssemblyTypeName: UnityEngine.Object, UnityEngine
          m_IntArgument: 0
          m_FloatArgument: 0
          m_StringArgument: ToggleUrlMode
          m_BoolArgument: 0
        m_CallState: 2
  m_IsOn: 0
--- !u!1 &1471740598677078152
GameObject:
  m_ObjectHideFlags: 0
  m_CorrespondingSourceObject: {fileID: 0}
  m_PrefabInstance: {fileID: 0}
  m_PrefabAsset: {fileID: 0}
  serializedVersion: 6
  m_Component:
  - component: {fileID: 2062460446129837555}
  - component: {fileID: 2814978305673912622}
  - component: {fileID: 6265580481112257022}
  - component: {fileID: 1273889883157791821}
  m_Layer: 8
  m_Name: Title
  m_TagString: Untagged
  m_Icon: {fileID: 0}
  m_NavMeshLayer: 0
  m_StaticEditorFlags: 0
  m_IsActive: 1
--- !u!224 &2062460446129837555
RectTransform:
  m_ObjectHideFlags: 0
  m_CorrespondingSourceObject: {fileID: 0}
  m_PrefabInstance: {fileID: 0}
  m_PrefabAsset: {fileID: 0}
  m_GameObject: {fileID: 1471740598677078152}
  m_LocalRotation: {x: 0, y: 0, z: 0, w: 1}
  m_LocalPosition: {x: 0, y: 0, z: 0}
  m_LocalScale: {x: 1, y: 1, z: 1}
  m_ConstrainProportionsScale: 0
  m_Children:
  - {fileID: 5789486015234893487}
  - {fileID: 6224486206156739144}
  m_Father: {fileID: 4086930393932499566}
  m_LocalEulerAnglesHint: {x: 0, y: 0, z: 0}
  m_AnchorMin: {x: 0, y: 0}
  m_AnchorMax: {x: 1, y: 0}
  m_AnchoredPosition: {x: -17.5, y: 10}
  m_SizeDelta: {x: -55, y: 30}
  m_Pivot: {x: 0.5, y: 0}
--- !u!114 &2814978305673912622
MonoBehaviour:
  m_ObjectHideFlags: 0
  m_CorrespondingSourceObject: {fileID: 0}
  m_PrefabInstance: {fileID: 0}
  m_PrefabAsset: {fileID: 0}
  m_GameObject: {fileID: 1471740598677078152}
  m_Enabled: 1
  m_EditorHideFlags: 0
  m_Script: {fileID: 11500000, guid: d199490a83bb2b844b9695cbf13b01ef, type: 3}
  m_Name: 
  m_EditorClassIdentifier: 
  m_Navigation:
    m_Mode: 0
    m_WrapAround: 0
    m_SelectOnUp: {fileID: 0}
    m_SelectOnDown: {fileID: 0}
    m_SelectOnLeft: {fileID: 0}
    m_SelectOnRight: {fileID: 0}
  m_Transition: 0
  m_Colors:
    m_NormalColor: {r: 1, g: 1, b: 1, a: 1}
    m_HighlightedColor: {r: 0.9607843, g: 0.9607843, b: 0.9607843, a: 1}
    m_PressedColor: {r: 0.78431374, g: 0.78431374, b: 0.78431374, a: 1}
    m_SelectedColor: {r: 0.9607843, g: 0.9607843, b: 0.9607843, a: 1}
    m_DisabledColor: {r: 0.78431374, g: 0.78431374, b: 0.78431374, a: 0.5019608}
    m_ColorMultiplier: 1
    m_FadeDuration: 0.1
  m_SpriteState:
    m_HighlightedSprite: {fileID: 0}
    m_PressedSprite: {fileID: 0}
    m_SelectedSprite: {fileID: 0}
    m_DisabledSprite: {fileID: 0}
  m_AnimationTriggers:
    m_NormalTrigger: Normal
    m_HighlightedTrigger: Highlighted
    m_PressedTrigger: Pressed
    m_SelectedTrigger: Selected
    m_DisabledTrigger: Disabled
  m_Interactable: 1
  m_TargetGraphic: {fileID: 1273889883157791821}
  m_TextComponent: {fileID: 5425858111641633561}
  m_Placeholder: {fileID: 4530206378099594630}
  m_ContentType: 0
  m_InputType: 0
  m_AsteriskChar: 42
  m_KeyboardType: 0
  m_LineType: 0
  m_HideMobileInput: 0
  m_CharacterValidation: 0
  m_CharacterLimit: 0
  m_OnSubmit:
    m_PersistentCalls:
      m_Calls: []
  m_OnDidEndEdit:
    m_PersistentCalls:
      m_Calls: []
  m_OnValueChanged:
    m_PersistentCalls:
      m_Calls:
      - m_Target: {fileID: 4086930393932499567}
        m_TargetAssemblyTypeName: 
        m_MethodName: SendCustomEvent
        m_Mode: 5
        m_Arguments:
          m_ObjectArgument: {fileID: 0}
          m_ObjectArgumentAssemblyTypeName: UnityEngine.Object, UnityEngine
          m_IntArgument: 0
          m_FloatArgument: 0
          m_StringArgument: UpdateUrlInput
          m_BoolArgument: 0
        m_CallState: 2
  m_CaretColor: {r: 0.19607843, g: 0.19607843, b: 0.19607843, a: 1}
  m_CustomCaretColor: 0
  m_SelectionColor: {r: 0.65882355, g: 0.80784315, b: 1, a: 0.7529412}
  m_Text: 
  m_CaretBlinkRate: 0.85
  m_CaretWidth: 1
  m_ReadOnly: 0
  m_ShouldActivateOnSelect: 1
--- !u!222 &6265580481112257022
CanvasRenderer:
  m_ObjectHideFlags: 0
  m_CorrespondingSourceObject: {fileID: 0}
  m_PrefabInstance: {fileID: 0}
  m_PrefabAsset: {fileID: 0}
  m_GameObject: {fileID: 1471740598677078152}
  m_CullTransparentMesh: 0
--- !u!114 &1273889883157791821
MonoBehaviour:
  m_ObjectHideFlags: 0
  m_CorrespondingSourceObject: {fileID: 0}
  m_PrefabInstance: {fileID: 0}
  m_PrefabAsset: {fileID: 0}
  m_GameObject: {fileID: 1471740598677078152}
  m_Enabled: 1
  m_EditorHideFlags: 0
  m_Script: {fileID: 11500000, guid: fe87c0e1cc204ed48ad3b37840f39efc, type: 3}
  m_Name: 
  m_EditorClassIdentifier: 
  m_Material: {fileID: 2100000, guid: 2d4b915240258d24e9d5112b0cb13eab, type: 2}
  m_Color: {r: 0.2, g: 0.2, b: 0.2, a: 1}
  m_RaycastTarget: 1
  m_RaycastPadding: {x: 0, y: 0, z: 0, w: 0}
  m_Maskable: 1
  m_OnCullStateChanged:
    m_PersistentCalls:
      m_Calls: []
  m_Sprite: {fileID: 10905, guid: 0000000000000000f000000000000000, type: 0}
  m_Type: 1
  m_PreserveAspect: 0
  m_FillCenter: 1
  m_FillMethod: 4
  m_FillAmount: 1
  m_FillClockwise: 1
  m_FillOrigin: 0
  m_UseSpriteMesh: 0
  m_PixelsPerUnitMultiplier: 2
--- !u!1 &1812706640709708156
GameObject:
  m_ObjectHideFlags: 0
  m_CorrespondingSourceObject: {fileID: 0}
  m_PrefabInstance: {fileID: 0}
  m_PrefabAsset: {fileID: 0}
  serializedVersion: 6
  m_Component:
  - component: {fileID: 93509889304301166}
  - component: {fileID: 1657933946315620840}
  - component: {fileID: 4895394486731759131}
  m_Layer: 8
  m_Name: Placeholder
  m_TagString: Untagged
  m_Icon: {fileID: 0}
  m_NavMeshLayer: 0
  m_StaticEditorFlags: 0
  m_IsActive: 1
--- !u!224 &93509889304301166
RectTransform:
  m_ObjectHideFlags: 0
  m_CorrespondingSourceObject: {fileID: 0}
  m_PrefabInstance: {fileID: 0}
  m_PrefabAsset: {fileID: 0}
  m_GameObject: {fileID: 1812706640709708156}
  m_LocalRotation: {x: 0, y: 0, z: 0, w: 1}
  m_LocalPosition: {x: 0, y: 0, z: 0}
  m_LocalScale: {x: 1, y: 1, z: 1}
  m_ConstrainProportionsScale: 0
  m_Children: []
  m_Father: {fileID: 3297981262000302602}
  m_LocalEulerAnglesHint: {x: 0, y: 0, z: 0}
  m_AnchorMin: {x: 0, y: 0}
  m_AnchorMax: {x: 1, y: 1}
  m_AnchoredPosition: {x: 0, y: -0.5}
  m_SizeDelta: {x: -20, y: -13}
  m_Pivot: {x: 0.5, y: 0.5}
--- !u!222 &1657933946315620840
CanvasRenderer:
  m_ObjectHideFlags: 0
  m_CorrespondingSourceObject: {fileID: 0}
  m_PrefabInstance: {fileID: 0}
  m_PrefabAsset: {fileID: 0}
  m_GameObject: {fileID: 1812706640709708156}
  m_CullTransparentMesh: 0
--- !u!114 &4895394486731759131
MonoBehaviour:
  m_ObjectHideFlags: 0
  m_CorrespondingSourceObject: {fileID: 0}
  m_PrefabInstance: {fileID: 0}
  m_PrefabAsset: {fileID: 0}
  m_GameObject: {fileID: 1812706640709708156}
  m_Enabled: 1
  m_EditorHideFlags: 0
  m_Script: {fileID: 11500000, guid: f4688fdb7df04437aeb418b961361dc5, type: 3}
  m_Name: 
  m_EditorClassIdentifier: 
  m_Material: {fileID: 0}
  m_Color: {r: 1, g: 1, b: 1, a: 1}
  m_RaycastTarget: 1
  m_RaycastPadding: {x: 0, y: 0, z: 0, w: 0}
  m_Maskable: 1
  m_OnCullStateChanged:
    m_PersistentCalls:
      m_Calls: []
  m_text: Enter Main Url...
  m_isRightToLeft: 0
  m_fontAsset: {fileID: 11400000, guid: b519371b370990c44a6e753ec694634c, type: 2}
  m_sharedMaterial: {fileID: 2180264, guid: b519371b370990c44a6e753ec694634c, type: 2}
  m_fontSharedMaterials: []
  m_fontMaterial: {fileID: 0}
  m_fontMaterials: []
  m_fontColor32:
    serializedVersion: 2
    rgba: 4286611584
  m_fontColor: {r: 0.5, g: 0.5, b: 0.5, a: 1}
  m_enableVertexGradient: 0
  m_colorMode: 3
  m_fontColorGradient:
    topLeft: {r: 1, g: 1, b: 1, a: 1}
    topRight: {r: 1, g: 1, b: 1, a: 1}
    bottomLeft: {r: 1, g: 1, b: 1, a: 1}
    bottomRight: {r: 1, g: 1, b: 1, a: 1}
  m_fontColorGradientPreset: {fileID: 0}
  m_spriteAsset: {fileID: 0}
  m_tintAllSprites: 0
  m_StyleSheet: {fileID: 0}
  m_TextStyleHashCode: -1183493901
  m_overrideHtmlColors: 0
  m_faceColor:
    serializedVersion: 2
    rgba: 4294967295
  m_fontSize: 14
  m_fontSizeBase: 14
  m_fontWeight: 400
  m_enableAutoSizing: 0
  m_fontSizeMin: 18
  m_fontSizeMax: 72
  m_fontStyle: 2
  m_HorizontalAlignment: 1
  m_VerticalAlignment: 256
  m_textAlignment: 65535
  m_characterSpacing: 0
  m_wordSpacing: 0
  m_lineSpacing: 0
  m_lineSpacingMax: 0
  m_paragraphSpacing: 0
  m_charWidthMaxAdj: 0
  m_enableWordWrapping: 1
  m_wordWrappingRatios: 0.4
  m_overflowMode: 0
  m_linkedTextComponent: {fileID: 0}
  parentLinkedComponent: {fileID: 0}
  m_enableKerning: 1
  m_enableExtraPadding: 0
  checkPaddingRequired: 0
  m_isRichText: 1
  m_parseCtrlCharacters: 1
  m_isOrthographic: 1
  m_isCullingEnabled: 0
  m_horizontalMapping: 0
  m_verticalMapping: 0
  m_uvLineOffset: 0
  m_geometrySortingOrder: 0
  m_IsTextObjectScaleStatic: 0
  m_VertexBufferAutoSizeReduction: 0
  m_useMaxVisibleDescender: 1
  m_pageToDisplay: 1
  m_margin: {x: 0, y: 0, z: 0, w: 0}
  m_isUsingLegacyAnimationComponent: 0
  m_isVolumetricText: 0
  m_hasFontAssetChanged: 0
  m_baseMaterial: {fileID: 0}
  m_maskOffset: {x: 0, y: 0, z: 0, w: 0}
--- !u!1 &2097613359788053672
GameObject:
  m_ObjectHideFlags: 0
  m_CorrespondingSourceObject: {fileID: 0}
  m_PrefabInstance: {fileID: 0}
  m_PrefabAsset: {fileID: 0}
  serializedVersion: 6
  m_Component:
  - component: {fileID: 9104043444846552112}
  - component: {fileID: 1828443054494207884}
  - component: {fileID: 398533043968807435}
  m_Layer: 8
  m_Name: Text
  m_TagString: Untagged
  m_Icon: {fileID: 0}
  m_NavMeshLayer: 0
  m_StaticEditorFlags: 0
  m_IsActive: 1
--- !u!224 &9104043444846552112
RectTransform:
  m_ObjectHideFlags: 0
  m_CorrespondingSourceObject: {fileID: 0}
  m_PrefabInstance: {fileID: 0}
  m_PrefabAsset: {fileID: 0}
  m_GameObject: {fileID: 2097613359788053672}
  m_LocalRotation: {x: 0, y: 0, z: 0, w: 1}
  m_LocalPosition: {x: 0, y: 0, z: 0}
  m_LocalScale: {x: 1, y: 1, z: 1}
  m_ConstrainProportionsScale: 0
  m_Children: []
  m_Father: {fileID: 3297981262000302602}
  m_LocalEulerAnglesHint: {x: 0, y: 0, z: 0}
  m_AnchorMin: {x: 0, y: 0}
  m_AnchorMax: {x: 1, y: 1}
  m_AnchoredPosition: {x: 0, y: -0.5}
  m_SizeDelta: {x: -20, y: -13}
  m_Pivot: {x: 0.5, y: 0.5}
--- !u!222 &1828443054494207884
CanvasRenderer:
  m_ObjectHideFlags: 0
  m_CorrespondingSourceObject: {fileID: 0}
  m_PrefabInstance: {fileID: 0}
  m_PrefabAsset: {fileID: 0}
  m_GameObject: {fileID: 2097613359788053672}
  m_CullTransparentMesh: 0
--- !u!114 &398533043968807435
MonoBehaviour:
  m_ObjectHideFlags: 0
  m_CorrespondingSourceObject: {fileID: 0}
  m_PrefabInstance: {fileID: 0}
  m_PrefabAsset: {fileID: 0}
  m_GameObject: {fileID: 2097613359788053672}
  m_Enabled: 1
  m_EditorHideFlags: 0
  m_Script: {fileID: 11500000, guid: 5f7201a12d95ffc409449d95f23cf332, type: 3}
  m_Name: 
  m_EditorClassIdentifier: 
  m_Material: {fileID: 2100000, guid: 2d4b915240258d24e9d5112b0cb13eab, type: 2}
  m_Color: {r: 0.9, g: 0.9, b: 0.9, a: 1}
  m_RaycastTarget: 1
  m_RaycastPadding: {x: 0, y: 0, z: 0, w: 0}
  m_Maskable: 1
  m_OnCullStateChanged:
    m_PersistentCalls:
      m_Calls: []
  m_FontData:
    m_Font: {fileID: 10102, guid: 0000000000000000e000000000000000, type: 0}
    m_FontSize: 14
    m_FontStyle: 0
    m_BestFit: 0
    m_MinSize: 10
    m_MaxSize: 40
    m_Alignment: 0
    m_AlignByGeometry: 0
    m_RichText: 0
    m_HorizontalOverflow: 1
    m_VerticalOverflow: 0
    m_LineSpacing: 1
  m_Text: 
--- !u!1 &3836907488949938376
GameObject:
  m_ObjectHideFlags: 0
  m_CorrespondingSourceObject: {fileID: 0}
  m_PrefabInstance: {fileID: 0}
  m_PrefabAsset: {fileID: 0}
  serializedVersion: 6
  m_Component:
  - component: {fileID: 2301366492110779796}
  - component: {fileID: 1298448586473244834}
  - component: {fileID: 4954280925754048455}
  m_Layer: 8
  m_Name: Image
  m_TagString: Untagged
  m_Icon: {fileID: 0}
  m_NavMeshLayer: 0
  m_StaticEditorFlags: 0
  m_IsActive: 1
--- !u!224 &2301366492110779796
RectTransform:
  m_ObjectHideFlags: 0
  m_CorrespondingSourceObject: {fileID: 0}
  m_PrefabInstance: {fileID: 0}
  m_PrefabAsset: {fileID: 0}
  m_GameObject: {fileID: 3836907488949938376}
  m_LocalRotation: {x: 0, y: 0, z: 0, w: 1}
  m_LocalPosition: {x: 0, y: 0, z: 0}
  m_LocalScale: {x: 1, y: 1, z: 1}
  m_ConstrainProportionsScale: 0
  m_Children: []
  m_Father: {fileID: 5051684535989483759}
  m_LocalEulerAnglesHint: {x: 0, y: 0, z: 0}
  m_AnchorMin: {x: 0, y: 0}
  m_AnchorMax: {x: 1, y: 1}
  m_AnchoredPosition: {x: 0, y: 0}
  m_SizeDelta: {x: 0, y: 0}
  m_Pivot: {x: 0.5, y: 0.5}
--- !u!222 &1298448586473244834
CanvasRenderer:
  m_ObjectHideFlags: 0
  m_CorrespondingSourceObject: {fileID: 0}
  m_PrefabInstance: {fileID: 0}
  m_PrefabAsset: {fileID: 0}
  m_GameObject: {fileID: 3836907488949938376}
  m_CullTransparentMesh: 0
--- !u!114 &4954280925754048455
MonoBehaviour:
  m_ObjectHideFlags: 0
  m_CorrespondingSourceObject: {fileID: 0}
  m_PrefabInstance: {fileID: 0}
  m_PrefabAsset: {fileID: 0}
  m_GameObject: {fileID: 3836907488949938376}
  m_Enabled: 1
  m_EditorHideFlags: 0
  m_Script: {fileID: 11500000, guid: fe87c0e1cc204ed48ad3b37840f39efc, type: 3}
  m_Name: 
  m_EditorClassIdentifier: 
  m_Material: {fileID: 2100000, guid: 2d4b915240258d24e9d5112b0cb13eab, type: 2}
  m_Color: {r: 0.9, g: 0.9, b: 0.9, a: 1}
  m_RaycastTarget: 1
  m_RaycastPadding: {x: 0, y: 0, z: 0, w: 0}
  m_Maskable: 1
  m_OnCullStateChanged:
    m_PersistentCalls:
      m_Calls: []
  m_Sprite: {fileID: 21300000, guid: 9b89f843134267f43a3f55edab76179a, type: 3}
  m_Type: 0
  m_PreserveAspect: 0
  m_FillCenter: 1
  m_FillMethod: 4
  m_FillAmount: 1
  m_FillClockwise: 1
  m_FillOrigin: 0
  m_UseSpriteMesh: 0
  m_PixelsPerUnitMultiplier: 1
--- !u!1 &4086930393251630049
GameObject:
  m_ObjectHideFlags: 0
  m_CorrespondingSourceObject: {fileID: 0}
  m_PrefabInstance: {fileID: 0}
  m_PrefabAsset: {fileID: 0}
  serializedVersion: 6
  m_Component:
  - component: {fileID: 4086930393251630048}
  - component: {fileID: 4086930393251630051}
  - component: {fileID: 4086930393251630053}
  - component: {fileID: 4086930393251630050}
  m_Layer: 8
  m_Name: AlternateUrl
  m_TagString: Untagged
  m_Icon: {fileID: 0}
  m_NavMeshLayer: 0
  m_StaticEditorFlags: 0
  m_IsActive: 1
--- !u!224 &4086930393251630048
RectTransform:
  m_ObjectHideFlags: 0
  m_CorrespondingSourceObject: {fileID: 0}
  m_PrefabInstance: {fileID: 0}
  m_PrefabAsset: {fileID: 0}
  m_GameObject: {fileID: 4086930393251630049}
  m_LocalRotation: {x: 0, y: 0, z: 0, w: 1}
  m_LocalPosition: {x: 0, y: 0, z: 0}
  m_LocalScale: {x: 1, y: 1, z: 1}
  m_ConstrainProportionsScale: 0
  m_Children:
  - {fileID: 4086930395257171898}
  - {fileID: 4086930393720072486}
  m_Father: {fileID: 4086930393932499566}
  m_LocalEulerAnglesHint: {x: 0, y: 0, z: 0}
  m_AnchorMin: {x: 0, y: 0}
  m_AnchorMax: {x: 1, y: 0}
  m_AnchoredPosition: {x: -17.5, y: 45}
  m_SizeDelta: {x: -55, y: 30}
  m_Pivot: {x: 0.5, y: 0}
--- !u!114 &4086930393251630051
MonoBehaviour:
  m_ObjectHideFlags: 0
  m_CorrespondingSourceObject: {fileID: 0}
  m_PrefabInstance: {fileID: 0}
  m_PrefabAsset: {fileID: 0}
  m_GameObject: {fileID: 4086930393251630049}
  m_Enabled: 1
  m_EditorHideFlags: 0
  m_Script: {fileID: -547739040, guid: 661092b4961be7145bfbe56e1e62337b, type: 3}
  m_Name: 
  m_EditorClassIdentifier: 
  m_Navigation:
    m_Mode: 0
    m_WrapAround: 0
    m_SelectOnUp: {fileID: 0}
    m_SelectOnDown: {fileID: 0}
    m_SelectOnLeft: {fileID: 0}
    m_SelectOnRight: {fileID: 0}
  m_Transition: 0
  m_Colors:
    m_NormalColor: {r: 1, g: 1, b: 1, a: 1}
    m_HighlightedColor: {r: 0.9607843, g: 0.9607843, b: 0.9607843, a: 1}
    m_PressedColor: {r: 0.78431374, g: 0.78431374, b: 0.78431374, a: 1}
    m_SelectedColor: {r: 0.9607843, g: 0.9607843, b: 0.9607843, a: 1}
    m_DisabledColor: {r: 0.78431374, g: 0.78431374, b: 0.78431374, a: 0.5019608}
    m_ColorMultiplier: 1
    m_FadeDuration: 0.1
  m_SpriteState:
    m_HighlightedSprite: {fileID: 0}
    m_PressedSprite: {fileID: 0}
    m_SelectedSprite: {fileID: 0}
    m_DisabledSprite: {fileID: 0}
  m_AnimationTriggers:
    m_NormalTrigger: Normal
    m_HighlightedTrigger: Highlighted
    m_PressedTrigger: Pressed
    m_SelectedTrigger: Selected
    m_DisabledTrigger: Disabled
  m_Interactable: 1
  m_TargetGraphic: {fileID: 4086930393251630050}
  m_TextComponent: {fileID: 4086930393720072489}
  m_Placeholder: {fileID: 8214178193217063198}
  m_ContentType: 0
  m_InputType: 0
  m_AsteriskChar: 42
  m_KeyboardType: 0
  m_LineType: 0
  m_HideMobileInput: 0
  m_CharacterValidation: 0
  m_CharacterLimit: 0
  m_OnEndEdit:
    m_PersistentCalls:
      m_Calls: []
  m_OnValueChanged:
    m_PersistentCalls:
      m_Calls:
      - m_Target: {fileID: 4086930393932499567}
        m_TargetAssemblyTypeName: 
        m_MethodName: SendCustomEvent
        m_Mode: 5
        m_Arguments:
          m_ObjectArgument: {fileID: 0}
          m_ObjectArgumentAssemblyTypeName: UnityEngine.Object, UnityEngine
          m_IntArgument: 0
          m_FloatArgument: 0
          m_StringArgument: UpdateAltUrlInput
          m_BoolArgument: 0
        m_CallState: 2
  m_CaretColor: {r: 0.19607843, g: 0.19607843, b: 0.19607843, a: 1}
  m_CustomCaretColor: 0
  m_SelectionColor: {r: 0.65882355, g: 0.80784315, b: 1, a: 0.7529412}
  m_Text: 
  m_CaretBlinkRate: 0.85
  m_CaretWidth: 1
  m_ReadOnly: 0
  m_ShouldActivateOnSelect: 1
  AllowSendingOnEndEdit: 1
--- !u!222 &4086930393251630053
CanvasRenderer:
  m_ObjectHideFlags: 0
  m_CorrespondingSourceObject: {fileID: 0}
  m_PrefabInstance: {fileID: 0}
  m_PrefabAsset: {fileID: 0}
  m_GameObject: {fileID: 4086930393251630049}
  m_CullTransparentMesh: 0
--- !u!114 &4086930393251630050
MonoBehaviour:
  m_ObjectHideFlags: 0
  m_CorrespondingSourceObject: {fileID: 0}
  m_PrefabInstance: {fileID: 0}
  m_PrefabAsset: {fileID: 0}
  m_GameObject: {fileID: 4086930393251630049}
  m_Enabled: 1
  m_EditorHideFlags: 0
  m_Script: {fileID: 11500000, guid: fe87c0e1cc204ed48ad3b37840f39efc, type: 3}
  m_Name: 
  m_EditorClassIdentifier: 
  m_Material: {fileID: 2100000, guid: 2d4b915240258d24e9d5112b0cb13eab, type: 2}
  m_Color: {r: 0.2, g: 0.2, b: 0.2, a: 1}
  m_RaycastTarget: 1
  m_RaycastPadding: {x: 0, y: 0, z: 0, w: 0}
  m_Maskable: 1
  m_OnCullStateChanged:
    m_PersistentCalls:
      m_Calls: []
  m_Sprite: {fileID: 10905, guid: 0000000000000000f000000000000000, type: 0}
  m_Type: 1
  m_PreserveAspect: 0
  m_FillCenter: 1
  m_FillMethod: 4
  m_FillAmount: 1
  m_FillClockwise: 1
  m_FillOrigin: 0
  m_UseSpriteMesh: 0
  m_PixelsPerUnitMultiplier: 2
--- !u!1 &4086930393720072487
GameObject:
  m_ObjectHideFlags: 0
  m_CorrespondingSourceObject: {fileID: 0}
  m_PrefabInstance: {fileID: 0}
  m_PrefabAsset: {fileID: 0}
  serializedVersion: 6
  m_Component:
  - component: {fileID: 4086930393720072486}
  - component: {fileID: 4086930393720072488}
  - component: {fileID: 4086930393720072489}
  m_Layer: 8
  m_Name: Text
  m_TagString: Untagged
  m_Icon: {fileID: 0}
  m_NavMeshLayer: 0
  m_StaticEditorFlags: 0
  m_IsActive: 1
--- !u!224 &4086930393720072486
RectTransform:
  m_ObjectHideFlags: 0
  m_CorrespondingSourceObject: {fileID: 0}
  m_PrefabInstance: {fileID: 0}
  m_PrefabAsset: {fileID: 0}
  m_GameObject: {fileID: 4086930393720072487}
  m_LocalRotation: {x: 0, y: 0, z: 0, w: 1}
  m_LocalPosition: {x: 0, y: 0, z: 0}
  m_LocalScale: {x: 1, y: 1, z: 1}
  m_ConstrainProportionsScale: 0
  m_Children: []
  m_Father: {fileID: 4086930393251630048}
  m_LocalEulerAnglesHint: {x: 0, y: 0, z: 0}
  m_AnchorMin: {x: 0, y: 0}
  m_AnchorMax: {x: 1, y: 1}
  m_AnchoredPosition: {x: 0, y: -0.5}
  m_SizeDelta: {x: -20, y: -13}
  m_Pivot: {x: 0.5, y: 0.5}
--- !u!222 &4086930393720072488
CanvasRenderer:
  m_ObjectHideFlags: 0
  m_CorrespondingSourceObject: {fileID: 0}
  m_PrefabInstance: {fileID: 0}
  m_PrefabAsset: {fileID: 0}
  m_GameObject: {fileID: 4086930393720072487}
  m_CullTransparentMesh: 0
--- !u!114 &4086930393720072489
MonoBehaviour:
  m_ObjectHideFlags: 0
  m_CorrespondingSourceObject: {fileID: 0}
  m_PrefabInstance: {fileID: 0}
  m_PrefabAsset: {fileID: 0}
  m_GameObject: {fileID: 4086930393720072487}
  m_Enabled: 1
  m_EditorHideFlags: 0
  m_Script: {fileID: 11500000, guid: 5f7201a12d95ffc409449d95f23cf332, type: 3}
  m_Name: 
  m_EditorClassIdentifier: 
  m_Material: {fileID: 2100000, guid: 2d4b915240258d24e9d5112b0cb13eab, type: 2}
  m_Color: {r: 0.9, g: 0.9, b: 0.9, a: 1}
  m_RaycastTarget: 1
  m_RaycastPadding: {x: 0, y: 0, z: 0, w: 0}
  m_Maskable: 1
  m_OnCullStateChanged:
    m_PersistentCalls:
      m_Calls: []
  m_FontData:
    m_Font: {fileID: 10102, guid: 0000000000000000e000000000000000, type: 0}
    m_FontSize: 14
    m_FontStyle: 0
    m_BestFit: 0
    m_MinSize: 10
    m_MaxSize: 40
    m_Alignment: 0
    m_AlignByGeometry: 0
    m_RichText: 0
    m_HorizontalOverflow: 1
    m_VerticalOverflow: 0
    m_LineSpacing: 1
  m_Text: 
--- !u!1 &4086930393932499560
GameObject:
  m_ObjectHideFlags: 0
  m_CorrespondingSourceObject: {fileID: 0}
  m_PrefabInstance: {fileID: 0}
  m_PrefabAsset: {fileID: 0}
  serializedVersion: 6
  m_Component:
  - component: {fileID: 4086930393932499566}
  - component: {fileID: 8332452206295126725}
  - component: {fileID: 4086930393932499567}
  - component: {fileID: 4086930393932499564}
  - component: {fileID: 4086930393932499565}
  - component: {fileID: 4086930393932499562}
  - component: {fileID: 4086930393932499563}
  - component: {fileID: 7566250582422960640}
  - component: {fileID: 8398053367601455288}
  m_Layer: 8
  m_Name: UrlControls
  m_TagString: Untagged
  m_Icon: {fileID: 0}
  m_NavMeshLayer: 0
  m_StaticEditorFlags: 0
  m_IsActive: 1
--- !u!224 &4086930393932499566
RectTransform:
  m_ObjectHideFlags: 0
  m_CorrespondingSourceObject: {fileID: 0}
  m_PrefabInstance: {fileID: 0}
  m_PrefabAsset: {fileID: 0}
  m_GameObject: {fileID: 4086930393932499560}
  m_LocalRotation: {x: -0, y: -0, z: -0, w: 1}
  m_LocalPosition: {x: 0, y: 0, z: 0}
  m_LocalScale: {x: 0.003, y: 0.003, z: 0.001}
  m_ConstrainProportionsScale: 0
  m_Children:
  - {fileID: 713429140423377848}
  - {fileID: 3297981262000302602}
  - {fileID: 4086930393251630048}
  - {fileID: 2062460446129837555}
  - {fileID: 5051684535989483759}
  - {fileID: 6825786547088465028}
  m_Father: {fileID: 0}
  m_LocalEulerAnglesHint: {x: 0, y: 0, z: 0}
  m_AnchorMin: {x: 0, y: 0}
  m_AnchorMax: {x: 0, y: 0}
  m_AnchoredPosition: {x: 0, y: 0}
  m_SizeDelta: {x: 250, y: 120}
  m_Pivot: {x: 0.5, y: 0}
--- !u!114 &8332452206295126725
MonoBehaviour:
  m_ObjectHideFlags: 0
  m_CorrespondingSourceObject: {fileID: 0}
  m_PrefabInstance: {fileID: 0}
  m_PrefabAsset: {fileID: 0}
  m_GameObject: {fileID: 4086930393932499560}
  m_Enabled: 1
  m_EditorHideFlags: 0
  m_Script: {fileID: 11500000, guid: 80a4f73c1c589ff41a837f713fb6cf1a, type: 3}
  m_Name: 
  m_EditorClassIdentifier: 
  serializationData:
    SerializedFormat: 2
    SerializedBytes: 
    ReferencedUnityObjects: []
    SerializedBytesString: 
    Prefab: {fileID: 0}
    PrefabModificationsReferencedUnityObjects: []
    PrefabModifications: []
    SerializationNodes: []
  _udonSharpBackingUdonBehaviour: {fileID: 4086930393932499567}
  _maxLogLevel: 4
  _logger: {fileID: 0}
  LogLevelOverride: 0
  tv: {fileID: 0}
  queue: {fileID: 0}
  showMediaOwner: 1
  showRemainingTime: 0
  realtimeSeek: 0
  retainInputText: 0
  emptyTitlePlaceholder: 
  mainUrlInput: {fileID: 1940150602246217417}
  alternateUrlInput: {fileID: 4086930393251630051}
  titleInput: {fileID: 2814978305673912622}
  sendInputs: {fileID: 4977093659473434912}
  urlSwitch: {fileID: 3102422076482917217}
  play: {fileID: 0}
  pause: {fileID: 0}
  stop: {fileID: 0}
  skip: {fileID: 0}
  resync: {fileID: 0}
  reload: {fileID: 0}
  audioMode: {fileID: 0}
  audioModeIndicator: {fileID: 0}
  audio3d: {fileID: 0}
  audio2d: {fileID: 0}
  audio3dColor: {r: 1, g: 1, b: 1, a: 1}
  audio2dColor: {r: 1, g: 1, b: 1, a: 1}
  mute: {fileID: 0}
  muteIndicator: {fileID: 0}
  muted: {fileID: 0}
  unmuted: {fileID: 0}
  mutedColor: {r: 1, g: 1, b: 1, a: 1}
  unmutedColor: {r: 1, g: 1, b: 1, a: 1}
  colorSpaceCorrection: {fileID: 0}
  colorSpaceCorrectionIndicator: {fileID: 0}
  colorSpaceCorrected: {fileID: 0}
  colorSpaceRaw: {fileID: 0}
  colorSpaceCorrectedColor: {r: 1, g: 1, b: 1, a: 1}
  colorSpaceRawColor: {r: 1, g: 1, b: 1, a: 1}
  tvLock: {fileID: 0}
  tvLockIndicator: {fileID: 0}
  locked: {fileID: 0}
  unlocked: {fileID: 0}
  lockedColor: {r: 0.75, g: 0.1875, b: 0.1875, a: 1}
  unlockedColor: {r: 1, g: 1, b: 1, a: 1}
  volume: {fileID: 0}
  volumeIndicator: {fileID: 0}
  volumeHigh: {fileID: 0}
  volumeMed: {fileID: 0}
  volumeLow: {fileID: 0}
  volumeOff: {fileID: 0}
  syncMode: {fileID: 0}
  syncModeIndicator: {fileID: 0}
  syncEnabled: {fileID: 0}
  syncDisabled: {fileID: 0}
  syncEnabledColor: {r: 1, g: 1, b: 1, a: 1}
  syncDisabledColor: {r: 1, g: 1, b: 1, a: 1}
  loopMode: {fileID: 0}
  loopModeIndicator: {fileID: 0}
  loopEnabled: {fileID: 0}
  loopDisabled: {fileID: 0}
  loopEnabledColor: {r: 1, g: 1, b: 1, a: 1}
  loopDisabledColor: {r: 1, g: 1, b: 1, a: 1}
  seek: {fileID: 0}
  seekOffset: {fileID: 0}
  seekOffsetDisplay: {fileID: 0}
  seekOffsetDisplayTMP: {fileID: 0}
  playbackSpeed: {fileID: 0}
  currentTime: {fileID: 0}
  currentTimeTMP: {fileID: 0}
  endTimeDisplay: {fileID: 0}
  endTimeDisplayTMP: {fileID: 0}
  loadingBar: {fileID: 0}
  loadingSpinner: {fileID: 0}
  loadingSpinnerContainer: {fileID: 0}
  loadingSpinReverese: 0
  loadingSpinSpeed: 1
  videoPlayerSwap: {fileID: 0}
  videoPlayerSwapUseTMP: 0
  mode3dSwap: {fileID: 0}
  mode3dSwapUseTMP: 0
  width3dMode: {fileID: 0}
  width3dModeIndicator: {fileID: 0}
  width3dHalf: {fileID: 0}
  width3dFull: {fileID: 0}
  width3dHalfColor: {r: 1, g: 1, b: 1, a: 1}
  width3dFullColor: {r: 1, g: 1, b: 1, a: 1}
  info: {fileID: 0}
  infoTMP: {fileID: 0}
  clockTimeDisplay: {fileID: 0}
  clockTimeDisplayTMP: {fileID: 0}
  mainUrlDefault:
    url: 
  alternateUrlDefault:
    url: 
  titleDefault: 
  ERRORMSG_STREAMINACTIVE: (Stream Error) Stream not active. Rechecking...
  ERRORMSG_STREAMUNAVAILABLE: (Stream Error) Stream has ended or is unavailable.
  ERRORMSG_URLFAIL: (Invalid URL) Could not resolve URL properly. Ensure there are
    no typos.
  ERRORMSG_STREAMSTOPPED: (Stream Error) Stream has stopped or failed. Rechecking...
  ERRORMSG_STREAMENDED: (Stream Error) Stream has ended.
  ERRORMSG_VIDEOFAIL: (Video Error) Unable to load video.
  ERRORMSG_ACCESSDENIED: (Access Denied) URL is not permitted or 'Enable Untrusted
    URLs' is disabled.
  ERRORMSG_RATELIMITED: (Rate Limited) Waiting 5 seconds to retry.
--- !u!114 &4086930393932499567
MonoBehaviour:
  m_ObjectHideFlags: 0
  m_CorrespondingSourceObject: {fileID: 0}
  m_PrefabInstance: {fileID: 0}
  m_PrefabAsset: {fileID: 0}
  m_GameObject: {fileID: 4086930393932499560}
  m_Enabled: 1
  m_EditorHideFlags: 0
  m_Script: {fileID: 11500000, guid: 45115577ef41a5b4ca741ed302693907, type: 3}
  m_Name: 
  m_EditorClassIdentifier: 
  interactTextPlacement: {fileID: 0}
  interactText: Use
  interactTextGO: {fileID: 0}
  proximity: 2
  SynchronizePosition: 0
  AllowCollisionOwnershipTransfer: 0
  Reliable: 0
  _syncMethod: 1
  serializedProgramAsset: {fileID: 11400000, guid: ce951b64caf97a8458d2cc267a4347ad,
    type: 2}
  programSource: {fileID: 11400000, guid: 4ac0e45cbc1ff924e9b1cb9555e51afb, type: 2}
  serializedPublicVariablesBytesString: Ai8AAAAAATIAAABWAFIAQwAuAFUAZABvAG4ALgBDAG8AbQBtAG8AbgAuAFUAZABvAG4AVgBhAHIAaQBhAGIAbABlAFQAYQBiAGwAZQAsACAAVgBSAEMALgBVAGQAbwBuAC4AQwBvAG0AbQBvAG4AAAAAAAYBAAAAAAAAACcBBAAAAHQAeQBwAGUAAWgAAABTAHkAcwB0AGUAbQAuAEMAbwBsAGwAZQBjAHQAaQBvAG4AcwAuAEcAZQBuAGUAcgBpAGMALgBMAGkAcwB0AGAAMQBbAFsAVgBSAEMALgBVAGQAbwBuAC4AQwBvAG0AbQBvAG4ALgBJAG4AdABlAHIAZgBhAGMAZQBzAC4ASQBVAGQAbwBuAFYAYQByAGkAYQBiAGwAZQAsACAAVgBSAEMALgBVAGQAbwBuAC4AQwBvAG0AbQBvAG4AXQBdACwAIABtAHMAYwBvAHIAbABpAGIAAQEJAAAAVgBhAHIAaQBhAGIAbABlAHMALwEAAAABaAAAAFMAeQBzAHQAZQBtAC4AQwBvAGwAbABlAGMAdABpAG8AbgBzAC4ARwBlAG4AZQByAGkAYwAuAEwAaQBzAHQAYAAxAFsAWwBWAFIAQwAuAFUAZABvAG4ALgBDAG8AbQBtAG8AbgAuAEkAbgB0AGUAcgBmAGEAYwBlAHMALgBJAFUAZABvAG4AVgBhAHIAaQBhAGIAbABlACwAIABWAFIAQwAuAFUAZABvAG4ALgBDAG8AbQBtAG8AbgBdAF0ALAAgAG0AcwBjAG8AcgBsAGkAYgABAAAABi8AAAAAAAAAAi8CAAAAAUsAAABWAFIAQwAuAFUAZABvAG4ALgBDAG8AbQBtAG8AbgAuAFUAZABvAG4AVgBhAHIAaQBhAGIAbABlAGAAMQBbAFsAUwB5AHMAdABlAG0ALgBCAG8AbwBsAGUAYQBuACwAIABtAHMAYwBvAHIAbABpAGIAXQBdACwAIABWAFIAQwAuAFUAZABvAG4ALgBDAG8AbQBtAG8AbgACAAAABgIAAAAAAAAAJwEEAAAAdAB5AHAAZQABFwAAAFMAeQBzAHQAZQBtAC4AUwB0AHIAaQBuAGcALAAgAG0AcwBjAG8AcgBsAGkAYgAnAQoAAABTAHkAbQBiAG8AbABOAGEAbQBlAAEOAAAAcwBoAG8AdwBWAGkAZABlAG8ATwB3AG4AZQByACcBBAAAAHQAeQBwAGUAARgAAABTAHkAcwB0AGUAbQAuAEIAbwBvAGwAZQBhAG4ALAAgAG0AcwBjAG8AcgBsAGkAYgArAQUAAABWAGEAbAB1AGUAAQcFAjACAAAAAwAAAAYCAAAAAAAAACcBBAAAAHQAeQBwAGUAARcAAABTAHkAcwB0AGUAbQAuAFMAdAByAGkAbgBnACwAIABtAHMAYwBvAHIAbABpAGIAJwEKAAAAUwB5AG0AYgBvAGwATgBhAG0AZQABEAAAAHMAaABvAHcAVgBpAGQAZQBvAE8AdwBuAGUAcgBJAEQAJwEEAAAAdAB5AHAAZQABGAAAAFMAeQBzAHQAZQBtAC4AQgBvAG8AbABlAGEAbgAsACAAbQBzAGMAbwByAGwAaQBiACsBBQAAAFYAYQBsAHUAZQAABwUCLwMAAAABYAAAAFYAUgBDAC4AVQBkAG8AbgAuAEMAbwBtAG0AbwBuAC4AVQBkAG8AbgBWAGEAcgBpAGEAYgBsAGUAYAAxAFsAWwBWAFIAQwAuAFMARABLADMALgBDAG8AbQBwAG8AbgBlAG4AdABzAC4AVgBSAEMAVQByAGwASQBuAHAAdQB0AEYAaQBlAGwAZAAsACAAVgBSAEMAUwBEAEsAMwBdAF0ALAAgAFYAUgBDAC4AVQBkAG8AbgAuAEMAbwBtAG0AbwBuAAQAAAAGAgAAAAAAAAAnAQQAAAB0AHkAcABlAAEXAAAAUwB5AHMAdABlAG0ALgBTAHQAcgBpAG4AZwAsACAAbQBzAGMAbwByAGwAaQBiACcBCgAAAFMAeQBtAGIAbwBsAE4AYQBtAGUAAQsAAABhAGwAdABVAHIAbABJAG4AcAB1AHQAJwEEAAAAdAB5AHAAZQABLQAAAFYAUgBDAC4AUwBEAEsAMwAuAEMAbwBtAHAAbwBuAGUAbgB0AHMALgBWAFIAQwBVAHIAbABJAG4AcAB1AHQARgBpAGUAbABkACwAIABWAFIAQwBTAEQASwAzAAsBBQAAAFYAYQBsAHUAZQAAAAAABwUCMAMAAAAFAAAABgIAAAAAAAAAJwEEAAAAdAB5AHAAZQABFwAAAFMAeQBzAHQAZQBtAC4AUwB0AHIAaQBuAGcALAAgAG0AcwBjAG8AcgBsAGkAYgAnAQoAAABTAHkAbQBiAG8AbABOAGEAbQBlAAEMAAAAbQBhAGkAbgBVAHIAbABJAG4AcAB1AHQAJwEEAAAAdAB5AHAAZQABLQAAAFYAUgBDAC4AUwBEAEsAMwAuAEMAbwBtAHAAbwBuAGUAbgB0AHMALgBWAFIAQwBVAHIAbABJAG4AcAB1AHQARgBpAGUAbABkACwAIABWAFIAQwBTAEQASwAzAAsBBQAAAFYAYQBsAHUAZQABAAAABwUCLwQAAAABWAAAAFYAUgBDAC4AVQBkAG8AbgAuAEMAbwBtAG0AbwBuAC4AVQBkAG8AbgBWAGEAcgBpAGEAYgBsAGUAYAAxAFsAWwBVAG4AaQB0AHkARQBuAGcAaQBuAGUALgBVAEkALgBCAHUAdAB0AG8AbgAsACAAVQBuAGkAdAB5AEUAbgBnAGkAbgBlAC4AVQBJAF0AXQAsACAAVgBSAEMALgBVAGQAbwBuAC4AQwBvAG0AbQBvAG4ABgAAAAYCAAAAAAAAACcBBAAAAHQAeQBwAGUAARcAAABTAHkAcwB0AGUAbQAuAFMAdAByAGkAbgBnACwAIABtAHMAYwBvAHIAbABpAGIAJwEKAAAAUwB5AG0AYgBvAGwATgBhAG0AZQABBAAAAHAAbABhAHkAJwEEAAAAdAB5AHAAZQABFwAAAFMAeQBzAHQAZQBtAC4ATwBiAGoAZQBjAHQALAAgAG0AcwBjAG8AcgBsAGkAYgAtAQUAAABWAGEAbAB1AGUABwUCMAQAAAAHAAAABgIAAAAAAAAAJwEEAAAAdAB5AHAAZQABFwAAAFMAeQBzAHQAZQBtAC4AUwB0AHIAaQBuAGcALAAgAG0AcwBjAG8AcgBsAGkAYgAnAQoAAABTAHkAbQBiAG8AbABOAGEAbQBlAAEFAAAAcABhAHUAcwBlACcBBAAAAHQAeQBwAGUAARcAAABTAHkAcwB0AGUAbQAuAE8AYgBqAGUAYwB0ACwAIABtAHMAYwBvAHIAbABpAGIALQEFAAAAVgBhAGwAdQBlAAcFAjAEAAAACAAAAAYCAAAAAAAAACcBBAAAAHQAeQBwAGUAARcAAABTAHkAcwB0AGUAbQAuAFMAdAByAGkAbgBnACwAIABtAHMAYwBvAHIAbABpAGIAJwEKAAAAUwB5AG0AYgBvAGwATgBhAG0AZQABBAAAAHMAdABvAHAAJwEEAAAAdAB5AHAAZQABFwAAAFMAeQBzAHQAZQBtAC4ATwBiAGoAZQBjAHQALAAgAG0AcwBjAG8AcgBsAGkAYgAtAQUAAABWAGEAbAB1AGUABwUCMAQAAAAJAAAABgIAAAAAAAAAJwEEAAAAdAB5AHAAZQABFwAAAFMAeQBzAHQAZQBtAC4AUwB0AHIAaQBuAGcALAAgAG0AcwBjAG8AcgBsAGkAYgAnAQoAAABTAHkAbQBiAG8AbABOAGEAbQBlAAEGAAAAcgBlAHMAeQBuAGMAJwEEAAAAdAB5AHAAZQABFwAAAFMAeQBzAHQAZQBtAC4ATwBiAGoAZQBjAHQALAAgAG0AcwBjAG8AcgBsAGkAYgAtAQUAAABWAGEAbAB1AGUABwUCMAQAAAAKAAAABgIAAAAAAAAAJwEEAAAAdAB5AHAAZQABFwAAAFMAeQBzAHQAZQBtAC4AUwB0AHIAaQBuAGcALAAgAG0AcwBjAG8AcgBsAGkAYgAnAQoAAABTAHkAbQBiAG8AbABOAGEAbQBlAAEJAAAAYQB1AGQAaQBvAE0AbwBkAGUAJwEEAAAAdAB5AHAAZQABFwAAAFMAeQBzAHQAZQBtAC4ATwBiAGoAZQBjAHQALAAgAG0AcwBjAG8AcgBsAGkAYgAtAQUAAABWAGEAbAB1AGUABwUCLwUAAAABXQAAAFYAUgBDAC4AVQBkAG8AbgAuAEMAbwBtAG0AbwBuAC4AVQBkAG8AbgBWAGEAcgBpAGEAYgBsAGUAYAAxAFsAWwBVAG4AaQB0AHkARQBuAGcAaQBuAGUALgBTAHAAcgBpAHQAZQAsACAAVQBuAGkAdAB5AEUAbgBnAGkAbgBlAC4AQwBvAHIAZQBNAG8AZAB1AGwAZQBdAF0ALAAgAFYAUgBDAC4AVQBkAG8AbgAuAEMAbwBtAG0AbwBuAAsAAAAGAgAAAAAAAAAnAQQAAAB0AHkAcABlAAEXAAAAUwB5AHMAdABlAG0ALgBTAHQAcgBpAG4AZwAsACAAbQBzAGMAbwByAGwAaQBiACcBCgAAAFMAeQBtAGIAbwBsAE4AYQBtAGUAAQcAAABhAHUAZABpAG8AMwBkACcBBAAAAHQAeQBwAGUAARcAAABTAHkAcwB0AGUAbQAuAE8AYgBqAGUAYwB0ACwAIABtAHMAYwBvAHIAbABpAGIALQEFAAAAVgBhAGwAdQBlAAcFAjAFAAAADAAAAAYCAAAAAAAAACcBBAAAAHQAeQBwAGUAARcAAABTAHkAcwB0AGUAbQAuAFMAdAByAGkAbgBnACwAIABtAHMAYwBvAHIAbABpAGIAJwEKAAAAUwB5AG0AYgBvAGwATgBhAG0AZQABBwAAAGEAdQBkAGkAbwAyAGQAJwEEAAAAdAB5AHAAZQABFwAAAFMAeQBzAHQAZQBtAC4ATwBiAGoAZQBjAHQALAAgAG0AcwBjAG8AcgBsAGkAYgAtAQUAAABWAGEAbAB1AGUABwUCMAQAAAANAAAABgIAAAAAAAAAJwEEAAAAdAB5AHAAZQABFwAAAFMAeQBzAHQAZQBtAC4AUwB0AHIAaQBuAGcALAAgAG0AcwBjAG8AcgBsAGkAYgAnAQoAAABTAHkAbQBiAG8AbABOAGEAbQBlAAEEAAAAbQB1AHQAZQAnAQQAAAB0AHkAcABlAAEXAAAAUwB5AHMAdABlAG0ALgBPAGIAagBlAGMAdAAsACAAbQBzAGMAbwByAGwAaQBiAC0BBQAAAFYAYQBsAHUAZQAHBQIwBQAAAA4AAAAGAgAAAAAAAAAnAQQAAAB0AHkAcABlAAEXAAAAUwB5AHMAdABlAG0ALgBTAHQAcgBpAG4AZwAsACAAbQBzAGMAbwByAGwAaQBiACcBCgAAAFMAeQBtAGIAbwBsAE4AYQBtAGUAAQUAAABtAHUAdABlAGQAJwEEAAAAdAB5AHAAZQABFwAAAFMAeQBzAHQAZQBtAC4ATwBiAGoAZQBjAHQALAAgAG0AcwBjAG8AcgBsAGkAYgAtAQUAAABWAGEAbAB1AGUABwUCMAUAAAAPAAAABgIAAAAAAAAAJwEEAAAAdAB5AHAAZQABFwAAAFMAeQBzAHQAZQBtAC4AUwB0AHIAaQBuAGcALAAgAG0AcwBjAG8AcgBsAGkAYgAnAQoAAABTAHkAbQBiAG8AbABOAGEAbQBlAAEHAAAAdQBuAG0AdQB0AGUAZAAnAQQAAAB0AHkAcABlAAEXAAAAUwB5AHMAdABlAG0ALgBPAGIAagBlAGMAdAAsACAAbQBzAGMAbwByAGwAaQBiAC0BBQAAAFYAYQBsAHUAZQAHBQIwBAAAABAAAAAGAgAAAAAAAAAnAQQAAAB0AHkAcABlAAEXAAAAUwB5AHMAdABlAG0ALgBTAHQAcgBpAG4AZwAsACAAbQBzAGMAbwByAGwAaQBiACcBCgAAAFMAeQBtAGIAbwBsAE4AYQBtAGUAAQoAAABtAGEAcwB0AGUAcgBMAG8AYwBrACcBBAAAAHQAeQBwAGUAARcAAABTAHkAcwB0AGUAbQAuAE8AYgBqAGUAYwB0ACwAIABtAHMAYwBvAHIAbABpAGIALQEFAAAAVgBhAGwAdQBlAAcFAjAFAAAAEQAAAAYCAAAAAAAAACcBBAAAAHQAeQBwAGUAARcAAABTAHkAcwB0AGUAbQAuAFMAdAByAGkAbgBnACwAIABtAHMAYwBvAHIAbABpAGIAJwEKAAAAUwB5AG0AYgBvAGwATgBhAG0AZQABCgAAAGwAbwBjAGsAZQBkAEkAYwBvAG4AJwEEAAAAdAB5AHAAZQABFwAAAFMAeQBzAHQAZQBtAC4ATwBiAGoAZQBjAHQALAAgAG0AcwBjAG8AcgBsAGkAYgAtAQUAAABWAGEAbAB1AGUABwUCMAUAAAASAAAABgIAAAAAAAAAJwEEAAAAdAB5AHAAZQABFwAAAFMAeQBzAHQAZQBtAC4AUwB0AHIAaQBuAGcALAAgAG0AcwBjAG8AcgBsAGkAYgAnAQoAAABTAHkAbQBiAG8AbABOAGEAbQBlAAEMAAAAdQBuAGwAbwBjAGsAZQBkAEkAYwBvAG4AJwEEAAAAdAB5AHAAZQABFwAAAFMAeQBzAHQAZQBtAC4ATwBiAGoAZQBjAHQALAAgAG0AcwBjAG8AcgBsAGkAYgAtAQUAAABWAGEAbAB1AGUABwUCLwYAAAABWAAAAFYAUgBDAC4AVQBkAG8AbgAuAEMAbwBtAG0AbwBuAC4AVQBkAG8AbgBWAGEAcgBpAGEAYgBsAGUAYAAxAFsAWwBVAG4AaQB0AHkARQBuAGcAaQBuAGUALgBVAEkALgBTAGwAaQBkAGUAcgAsACAAVQBuAGkAdAB5AEUAbgBnAGkAbgBlAC4AVQBJAF0AXQAsACAAVgBSAEMALgBVAGQAbwBuAC4AQwBvAG0AbQBvAG4AEwAAAAYCAAAAAAAAACcBBAAAAHQAeQBwAGUAARcAAABTAHkAcwB0AGUAbQAuAFMAdAByAGkAbgBnACwAIABtAHMAYwBvAHIAbABpAGIAJwEKAAAAUwB5AG0AYgBvAGwATgBhAG0AZQABBgAAAHYAbwBsAHUAbQBlACcBBAAAAHQAeQBwAGUAARcAAABTAHkAcwB0AGUAbQAuAE8AYgBqAGUAYwB0ACwAIABtAHMAYwBvAHIAbABpAGIALQEFAAAAVgBhAGwAdQBlAAcFAjAFAAAAFAAAAAYCAAAAAAAAACcBBAAAAHQAeQBwAGUAARcAAABTAHkAcwB0AGUAbQAuAFMAdAByAGkAbgBnACwAIABtAHMAYwBvAHIAbABpAGIAJwEKAAAAUwB5AG0AYgBvAGwATgBhAG0AZQABCgAAAHYAbwBsAHUAbQBlAEgAaQBnAGgAJwEEAAAAdAB5AHAAZQABFwAAAFMAeQBzAHQAZQBtAC4ATwBiAGoAZQBjAHQALAAgAG0AcwBjAG8AcgBsAGkAYgAtAQUAAABWAGEAbAB1AGUABwUCMAUAAAAVAAAABgIAAAAAAAAAJwEEAAAAdAB5AHAAZQABFwAAAFMAeQBzAHQAZQBtAC4AUwB0AHIAaQBuAGcALAAgAG0AcwBjAG8AcgBsAGkAYgAnAQoAAABTAHkAbQBiAG8AbABOAGEAbQBlAAEJAAAAdgBvAGwAdQBtAGUATQBlAGQAJwEEAAAAdAB5AHAAZQABFwAAAFMAeQBzAHQAZQBtAC4ATwBiAGoAZQBjAHQALAAgAG0AcwBjAG8AcgBsAGkAYgAtAQUAAABWAGEAbAB1AGUABwUCMAUAAAAWAAAABgIAAAAAAAAAJwEEAAAAdAB5AHAAZQABFwAAAFMAeQBzAHQAZQBtAC4AUwB0AHIAaQBuAGcALAAgAG0AcwBjAG8AcgBsAGkAYgAnAQoAAABTAHkAbQBiAG8AbABOAGEAbQBlAAEJAAAAdgBvAGwAdQBtAGUATABvAHcAJwEEAAAAdAB5AHAAZQABFwAAAFMAeQBzAHQAZQBtAC4ATwBiAGoAZQBjAHQALAAgAG0AcwBjAG8AcgBsAGkAYgAtAQUAAABWAGEAbAB1AGUABwUCMAUAAAAXAAAABgIAAAAAAAAAJwEEAAAAdAB5AHAAZQABFwAAAFMAeQBzAHQAZQBtAC4AUwB0AHIAaQBuAGcALAAgAG0AcwBjAG8AcgBsAGkAYgAnAQoAAABTAHkAbQBiAG8AbABOAGEAbQBlAAEJAAAAdgBvAGwAdQBtAGUATwBmAGYAJwEEAAAAdAB5AHAAZQABFwAAAFMAeQBzAHQAZQBtAC4ATwBiAGoAZQBjAHQALAAgAG0AcwBjAG8AcgBsAGkAYgAtAQUAAABWAGEAbAB1AGUABwUCMAQAAAAYAAAABgIAAAAAAAAAJwEEAAAAdAB5AHAAZQABFwAAAFMAeQBzAHQAZQBtAC4AUwB0AHIAaQBuAGcALAAgAG0AcwBjAG8AcgBsAGkAYgAnAQoAAABTAHkAbQBiAG8AbABOAGEAbQBlAAEIAAAAcwB5AG4AYwBNAG8AZABlACcBBAAAAHQAeQBwAGUAARcAAABTAHkAcwB0AGUAbQAuAE8AYgBqAGUAYwB0ACwAIABtAHMAYwBvAHIAbABpAGIALQEFAAAAVgBhAGwAdQBlAAcFAjAFAAAAGQAAAAYCAAAAAAAAACcBBAAAAHQAeQBwAGUAARcAAABTAHkAcwB0AGUAbQAuAFMAdAByAGkAbgBnACwAIABtAHMAYwBvAHIAbABpAGIAJwEKAAAAUwB5AG0AYgBvAGwATgBhAG0AZQABDAAAAHMAeQBuAGMARQBuAGYAbwByAGMAZQBkACcBBAAAAHQAeQBwAGUAARcAAABTAHkAcwB0AGUAbQAuAE8AYgBqAGUAYwB0ACwAIABtAHMAYwBvAHIAbABpAGIALQEFAAAAVgBhAGwAdQBlAAcFAjAFAAAAGgAAAAYCAAAAAAAAACcBBAAAAHQAeQBwAGUAARcAAABTAHkAcwB0AGUAbQAuAFMAdAByAGkAbgBnACwAIABtAHMAYwBvAHIAbABpAGIAJwEKAAAAUwB5AG0AYgBvAGwATgBhAG0AZQABCQAAAGwAbwBjAGEAbABPAG4AbAB5ACcBBAAAAHQAeQBwAGUAARcAAABTAHkAcwB0AGUAbQAuAE8AYgBqAGUAYwB0ACwAIABtAHMAYwBvAHIAbABpAGIALQEFAAAAVgBhAGwAdQBlAAcFAjAGAAAAGwAAAAYCAAAAAAAAACcBBAAAAHQAeQBwAGUAARcAAABTAHkAcwB0AGUAbQAuAFMAdAByAGkAbgBnACwAIABtAHMAYwBvAHIAbABpAGIAJwEKAAAAUwB5AG0AYgBvAGwATgBhAG0AZQABBAAAAHMAZQBlAGsAJwEEAAAAdAB5AHAAZQABFwAAAFMAeQBzAHQAZQBtAC4ATwBiAGoAZQBjAHQALAAgAG0AcwBjAG8AcgBsAGkAYgAtAQUAAABWAGEAbAB1AGUABwUCLwcAAAABVgAAAFYAUgBDAC4AVQBkAG8AbgAuAEMAbwBtAG0AbwBuAC4AVQBkAG8AbgBWAGEAcgBpAGEAYgBsAGUAYAAxAFsAWwBVAG4AaQB0AHkARQBuAGcAaQBuAGUALgBVAEkALgBUAGUAeAB0ACwAIABVAG4AaQB0AHkARQBuAGcAaQBuAGUALgBVAEkAXQBdACwAIABWAFIAQwAuAFUAZABvAG4ALgBDAG8AbQBtAG8AbgAcAAAABgIAAAAAAAAAJwEEAAAAdAB5AHAAZQABFwAAAFMAeQBzAHQAZQBtAC4AUwB0AHIAaQBuAGcALAAgAG0AcwBjAG8AcgBsAGkAYgAnAQoAAABTAHkAbQBiAG8AbABOAGEAbQBlAAELAAAAYwB1AHIAcgBlAG4AdABUAGkAbQBlACcBBAAAAHQAeQBwAGUAARcAAABTAHkAcwB0AGUAbQAuAE8AYgBqAGUAYwB0ACwAIABtAHMAYwBvAHIAbABpAGIALQEFAAAAVgBhAGwAdQBlAAcFAjAHAAAAHQAAAAYCAAAAAAAAACcBBAAAAHQAeQBwAGUAARcAAABTAHkAcwB0AGUAbQAuAFMAdAByAGkAbgBnACwAIABtAHMAYwBvAHIAbABpAGIAJwEKAAAAUwB5AG0AYgBvAGwATgBhAG0AZQABBwAAAGUAbgBkAFQAaQBtAGUAJwEEAAAAdAB5AHAAZQABFwAAAFMAeQBzAHQAZQBtAC4ATwBiAGoAZQBjAHQALAAgAG0AcwBjAG8AcgBsAGkAYgAtAQUAAABWAGEAbAB1AGUABwUCMAYAAAAeAAAABgIAAAAAAAAAJwEEAAAAdAB5AHAAZQABFwAAAFMAeQBzAHQAZQBtAC4AUwB0AHIAaQBuAGcALAAgAG0AcwBjAG8AcgBsAGkAYgAnAQoAAABTAHkAbQBiAG8AbABOAGEAbQBlAAEKAAAAbABvAGEAZABpAG4AZwBCAGEAcgAnAQQAAAB0AHkAcABlAAEXAAAAUwB5AHMAdABlAG0ALgBPAGIAagBlAGMAdAAsACAAbQBzAGMAbwByAGwAaQBiAC0BBQAAAFYAYQBsAHUAZQAHBQIvCAAAAAFaAAAAVgBSAEMALgBVAGQAbwBuAC4AQwBvAG0AbQBvAG4ALgBVAGQAbwBuAFYAYQByAGkAYQBiAGwAZQBgADEAWwBbAFUAbgBpAHQAeQBFAG4AZwBpAG4AZQAuAFUASQAuAEQAcgBvAHAAZABvAHcAbgAsACAAVQBuAGkAdAB5AEUAbgBnAGkAbgBlAC4AVQBJAF0AXQAsACAAVgBSAEMALgBVAGQAbwBuAC4AQwBvAG0AbQBvAG4AHwAAAAYCAAAAAAAAACcBBAAAAHQAeQBwAGUAARcAAABTAHkAcwB0AGUAbQAuAFMAdAByAGkAbgBnACwAIABtAHMAYwBvAHIAbABpAGIAJwEKAAAAUwB5AG0AYgBvAGwATgBhAG0AZQABDwAAAHYAaQBkAGUAbwBQAGwAYQB5AGUAcgBTAHcAYQBwACcBBAAAAHQAeQBwAGUAARcAAABTAHkAcwB0AGUAbQAuAE8AYgBqAGUAYwB0ACwAIABtAHMAYwBvAHIAbABpAGIALQEFAAAAVgBhAGwAdQBlAAcFAjAHAAAAIAAAAAYCAAAAAAAAACcBBAAAAHQAeQBwAGUAARcAAABTAHkAcwB0AGUAbQAuAFMAdAByAGkAbgBnACwAIABtAHMAYwBvAHIAbABpAGIAJwEKAAAAUwB5AG0AYgBvAGwATgBhAG0AZQABBAAAAGkAbgBmAG8AJwEEAAAAdAB5AHAAZQABFwAAAFMAeQBzAHQAZQBtAC4ATwBiAGoAZQBjAHQALAAgAG0AcwBjAG8AcgBsAGkAYgAtAQUAAABWAGEAbAB1AGUABwUCMAQAAAAhAAAABgIAAAAAAAAAJwEEAAAAdAB5AHAAZQABFwAAAFMAeQBzAHQAZQBtAC4AUwB0AHIAaQBuAGcALAAgAG0AcwBjAG8AcgBsAGkAYgAnAQoAAABTAHkAbQBiAG8AbABOAGEAbQBlAAENAAAAdQBwAGQAYQB0AGUATQBhAGkAbgBVAHIAbAAnAQQAAAB0AHkAcABlAAEXAAAAUwB5AHMAdABlAG0ALgBPAGIAagBlAGMAdAAsACAAbQBzAGMAbwByAGwAaQBiAC0BBQAAAFYAYQBsAHUAZQAHBQIwBAAAACIAAAAGAgAAAAAAAAAnAQQAAAB0AHkAcABlAAEXAAAAUwB5AHMAdABlAG0ALgBTAHQAcgBpAG4AZwAsACAAbQBzAGMAbwByAGwAaQBiACcBCgAAAFMAeQBtAGIAbwBsAE4AYQBtAGUAAQ8AAABzAHcAaQB0AGMAaABUAG8ATQBhAGkAbgBVAHIAbAAnAQQAAAB0AHkAcABlAAEXAAAAUwB5AHMAdABlAG0ALgBPAGIAagBlAGMAdAAsACAAbQBzAGMAbwByAGwAaQBiAC0BBQAAAFYAYQBsAHUAZQAHBQIwBAAAACMAAAAGAgAAAAAAAAAnAQQAAAB0AHkAcABlAAEXAAAAUwB5AHMAdABlAG0ALgBTAHQAcgBpAG4AZwAsACAAbQBzAGMAbwByAGwAaQBiACcBCgAAAFMAeQBtAGIAbwBsAE4AYQBtAGUAAQwAAAB1AHAAZABhAHQAZQBBAGwAdABVAHIAbAAnAQQAAAB0AHkAcABlAAElAAAAVQBuAGkAdAB5AEUAbgBnAGkAbgBlAC4AVQBJAC4AQgB1AHQAdABvAG4ALAAgAFUAbgBpAHQAeQBFAG4AZwBpAG4AZQAuAFUASQALAQUAAABWAGEAbAB1AGUAAgAAAAcFAjAEAAAAJAAAAAYCAAAAAAAAACcBBAAAAHQAeQBwAGUAARcAAABTAHkAcwB0AGUAbQAuAFMAdAByAGkAbgBnACwAIABtAHMAYwBvAHIAbABpAGIAJwEKAAAAUwB5AG0AYgBvAGwATgBhAG0AZQABDgAAAHMAdwBpAHQAYwBoAFQAbwBBAGwAdABVAHIAbAAnAQQAAAB0AHkAcABlAAEXAAAAUwB5AHMAdABlAG0ALgBPAGIAagBlAGMAdAAsACAAbQBzAGMAbwByAGwAaQBiAC0BBQAAAFYAYQBsAHUAZQAHBQIwAwAAACUAAAAGAgAAAAAAAAAnAQQAAAB0AHkAcABlAAEXAAAAUwB5AHMAdABlAG0ALgBTAHQAcgBpAG4AZwAsACAAbQBzAGMAbwByAGwAaQBiACcBCgAAAFMAeQBtAGIAbwBsAE4AYQBtAGUAAQ0AAABxAHUAZQBzAHQAVQByAGwASQBuAHAAdQB0ACcBBAAAAHQAeQBwAGUAARcAAABTAHkAcwB0AGUAbQAuAE8AYgBqAGUAYwB0ACwAIABtAHMAYwBvAHIAbABpAGIALQEFAAAAVgBhAGwAdQBlAAcFAjAEAAAAJgAAAAYCAAAAAAAAACcBBAAAAHQAeQBwAGUAARcAAABTAHkAcwB0AGUAbQAuAFMAdAByAGkAbgBnACwAIABtAHMAYwBvAHIAbABpAGIAJwEKAAAAUwB5AG0AYgBvAGwATgBhAG0AZQABDgAAAHUAcABkAGEAdABlAFEAdQBlAHMAdABVAHIAbAAnAQQAAAB0AHkAcABlAAEXAAAAUwB5AHMAdABlAG0ALgBPAGIAagBlAGMAdAAsACAAbQBzAGMAbwByAGwAaQBiAC0BBQAAAFYAYQBsAHUAZQAHBQIwBAAAACcAAAAGAgAAAAAAAAAnAQQAAAB0AHkAcABlAAEXAAAAUwB5AHMAdABlAG0ALgBTAHQAcgBpAG4AZwAsACAAbQBzAGMAbwByAGwAaQBiACcBCgAAAFMAeQBtAGIAbwBsAE4AYQBtAGUAARAAAABzAHcAaQB0AGMAaABUAG8AUQB1AGUAcwB0AFUAcgBsACcBBAAAAHQAeQBwAGUAARcAAABTAHkAcwB0AGUAbQAuAE8AYgBqAGUAYwB0ACwAIABtAHMAYwBvAHIAbABpAGIALQEFAAAAVgBhAGwAdQBlAAcFAjAEAAAAKAAAAAYCAAAAAAAAACcBBAAAAHQAeQBwAGUAARcAAABTAHkAcwB0AGUAbQAuAFMAdAByAGkAbgBnACwAIABtAHMAYwBvAHIAbABpAGIAJwEKAAAAUwB5AG0AYgBvAGwATgBhAG0AZQABDAAAAGEAYwB0AGkAdgBhAHQAZQBVAHIAbABzACcBBAAAAHQAeQBwAGUAASUAAABVAG4AaQB0AHkARQBuAGcAaQBuAGUALgBVAEkALgBCAHUAdAB0AG8AbgAsACAAVQBuAGkAdAB5AEUAbgBnAGkAbgBlAC4AVQBJAAsBBQAAAFYAYQBsAHUAZQACAAAABwUCLwkAAAABVwAAAFYAUgBDAC4AVQBkAG8AbgAuAEMAbwBtAG0AbwBuAC4AVQBkAG8AbgBWAGEAcgBpAGEAYgBsAGUAYAAxAFsAWwBVAG4AaQB0AHkARQBuAGcAaQBuAGUALgBVAEkALgBJAG0AYQBnAGUALAAgAFUAbgBpAHQAeQBFAG4AZwBpAG4AZQAuAFUASQBdAF0ALAAgAFYAUgBDAC4AVQBkAG8AbgAuAEMAbwBtAG0AbwBuACkAAAAGAgAAAAAAAAAnAQQAAAB0AHkAcABlAAEXAAAAUwB5AHMAdABlAG0ALgBTAHQAcgBpAG4AZwAsACAAbQBzAGMAbwByAGwAaQBiACcBCgAAAFMAeQBtAGIAbwBsAE4AYQBtAGUAAQ0AAABtAGEAaQBuAEkAbgBkAGkAYwBhAHQAbwByACcBBAAAAHQAeQBwAGUAASQAAABVAG4AaQB0AHkARQBuAGcAaQBuAGUALgBVAEkALgBJAG0AYQBnAGUALAAgAFUAbgBpAHQAeQBFAG4AZwBpAG4AZQAuAFUASQALAQUAAABWAGEAbAB1AGUAAwAAAAcFAjAJAAAAKgAAAAYCAAAAAAAAACcBBAAAAHQAeQBwAGUAARcAAABTAHkAcwB0AGUAbQAuAFMAdAByAGkAbgBnACwAIABtAHMAYwBvAHIAbABpAGIAJwEKAAAAUwB5AG0AYgBvAGwATgBhAG0AZQABDAAAAGEAbAB0AEkAbgBkAGkAYwBhAHQAbwByACcBBAAAAHQAeQBwAGUAARcAAABTAHkAcwB0AGUAbQAuAE8AYgBqAGUAYwB0ACwAIABtAHMAYwBvAHIAbABpAGIALQEFAAAAVgBhAGwAdQBlAAcFAjAJAAAAKwAAAAYCAAAAAAAAACcBBAAAAHQAeQBwAGUAARcAAABTAHkAcwB0AGUAbQAuAFMAdAByAGkAbgBnACwAIABtAHMAYwBvAHIAbABpAGIAJwEKAAAAUwB5AG0AYgBvAGwATgBhAG0AZQABEgAAAGEAdQBkAGkAbwBNAG8AZABlAEkAbgBkAGkAYwBhAHQAbwByACcBBAAAAHQAeQBwAGUAARcAAABTAHkAcwB0AGUAbQAuAE8AYgBqAGUAYwB0ACwAIABtAHMAYwBvAHIAbABpAGIALQEFAAAAVgBhAGwAdQBlAAcFAjAJAAAALAAAAAYCAAAAAAAAACcBBAAAAHQAeQBwAGUAARcAAABTAHkAcwB0AGUAbQAuAFMAdAByAGkAbgBnACwAIABtAHMAYwBvAHIAbABpAGIAJwEKAAAAUwB5AG0AYgBvAGwATgBhAG0AZQABDQAAAG0AdQB0AGUASQBuAGQAaQBjAGEAdABvAHIAJwEEAAAAdAB5AHAAZQABFwAAAFMAeQBzAHQAZQBtAC4ATwBiAGoAZQBjAHQALAAgAG0AcwBjAG8AcgBsAGkAYgAtAQUAAABWAGEAbAB1AGUABwUCMAkAAAAtAAAABgIAAAAAAAAAJwEEAAAAdAB5AHAAZQABFwAAAFMAeQBzAHQAZQBtAC4AUwB0AHIAaQBuAGcALAAgAG0AcwBjAG8AcgBsAGkAYgAnAQoAAABTAHkAbQBiAG8AbABOAGEAbQBlAAETAAAAbQBhAHMAdABlAHIATABvAGMAawBJAG4AZABpAGMAYQB0AG8AcgAnAQQAAAB0AHkAcABlAAEXAAAAUwB5AHMAdABlAG0ALgBPAGIAagBlAGMAdAAsACAAbQBzAGMAbwByAGwAaQBiAC0BBQAAAFYAYQBsAHUAZQAHBQIwCQAAAC4AAAAGAgAAAAAAAAAnAQQAAAB0AHkAcABlAAEXAAAAUwB5AHMAdABlAG0ALgBTAHQAcgBpAG4AZwAsACAAbQBzAGMAbwByAGwAaQBiACcBCgAAAFMAeQBtAGIAbwBsAE4AYQBtAGUAAREAAABzAHkAbgBjAE0AbwBkAGUASQBuAGQAaQBjAGEAdABvAHIAJwEEAAAAdAB5AHAAZQABFwAAAFMAeQBzAHQAZQBtAC4ATwBiAGoAZQBjAHQALAAgAG0AcwBjAG8AcgBsAGkAYgAtAQUAAABWAGEAbAB1AGUABwUCLwoAAAABSQAAAFYAUgBDAC4AVQBkAG8AbgAuAEMAbwBtAG0AbwBuAC4AVQBkAG8AbgBWAGEAcgBpAGEAYgBsAGUAYAAxAFsAWwBTAHkAcwB0AGUAbQAuAEkAbgB0ADMAMgAsACAAbQBzAGMAbwByAGwAaQBiAF0AXQAsACAAVgBSAEMALgBVAGQAbwBuAC4AQwBvAG0AbQBvAG4ALwAAAAYCAAAAAAAAACcBBAAAAHQAeQBwAGUAARcAAABTAHkAcwB0AGUAbQAuAFMAdAByAGkAbgBnACwAIABtAHMAYwBvAHIAbABpAGIAJwEKAAAAUwB5AG0AYgBvAGwATgBhAG0AZQABHwAAAF8AXwBfAFUAZABvAG4AUwBoAGEAcgBwAEIAZQBoAGEAdgBpAG8AdQByAFYAZQByAHMAaQBvAG4AXwBfAF8AJwEEAAAAdAB5AHAAZQABFgAAAFMAeQBzAHQAZQBtAC4ASQBuAHQAMwAyACwAIABtAHMAYwBvAHIAbABpAGIAFwEFAAAAVgBhAGwAdQBlAAIAAAAHBQIwAgAAADAAAAAGAgAAAAAAAAAnAQQAAAB0AHkAcABlAAEXAAAAUwB5AHMAdABlAG0ALgBTAHQAcgBpAG4AZwAsACAAbQBzAGMAbwByAGwAaQBiACcBCgAAAFMAeQBtAGIAbwBsAE4AYQBtAGUAAS4AAABfAF8AXwBVAGQAbwBuAFMAaABhAHIAcABCAGUAaABhAHYAaQBvAHUAcgBQAGUAcgBzAGkAcwB0AEQAYQB0AGEARgByAG8AbQBVAHAAZwByAGEAZABlAF8AXwBfACcBBAAAAHQAeQBwAGUAARgAAABTAHkAcwB0AGUAbQAuAEIAbwBvAGwAZQBhAG4ALAAgAG0AcwBjAG8AcgBsAGkAYgArAQUAAABWAGEAbAB1AGUAAQcFBwUHBQ==
  publicVariablesUnityEngineObjects:
  - {fileID: 4086930393251630051}
  - {fileID: 1940150602246217417}
  - {fileID: 4977093659473434912}
  - {fileID: 713429140311285669}
  publicVariablesSerializationDataFormat: 0
--- !u!223 &4086930393932499564
Canvas:
  m_ObjectHideFlags: 0
  m_CorrespondingSourceObject: {fileID: 0}
  m_PrefabInstance: {fileID: 0}
  m_PrefabAsset: {fileID: 0}
  m_GameObject: {fileID: 4086930393932499560}
  m_Enabled: 1
  serializedVersion: 3
  m_RenderMode: 2
  m_Camera: {fileID: 0}
  m_PlaneDistance: 100
  m_PixelPerfect: 0
  m_ReceivesEvents: 1
  m_OverrideSorting: 0
  m_OverridePixelPerfect: 0
  m_SortingBucketNormalizedSize: 0
  m_VertexColorAlwaysGammaSpace: 0
  m_AdditionalShaderChannelsFlag: 25
  m_UpdateRectTransformForStandalone: 0
  m_SortingLayerID: 0
  m_SortingOrder: 0
  m_TargetDisplay: 0
--- !u!114 &4086930393932499565
MonoBehaviour:
  m_ObjectHideFlags: 0
  m_CorrespondingSourceObject: {fileID: 0}
  m_PrefabInstance: {fileID: 0}
  m_PrefabAsset: {fileID: 0}
  m_GameObject: {fileID: 4086930393932499560}
  m_Enabled: 1
  m_EditorHideFlags: 0
  m_Script: {fileID: 11500000, guid: 0cd44c1031e13a943bb63640046fad76, type: 3}
  m_Name: 
  m_EditorClassIdentifier: 
  m_UiScaleMode: 0
  m_ReferencePixelsPerUnit: 100
  m_ScaleFactor: 1
  m_ReferenceResolution: {x: 800, y: 600}
  m_ScreenMatchMode: 0
  m_MatchWidthOrHeight: 0
  m_PhysicalUnit: 3
  m_FallbackScreenDPI: 96
  m_DefaultSpriteDPI: 96
  m_DynamicPixelsPerUnit: 6
  m_PresetInfoIsWorld: 1
--- !u!114 &4086930393932499562
MonoBehaviour:
  m_ObjectHideFlags: 0
  m_CorrespondingSourceObject: {fileID: 0}
  m_PrefabInstance: {fileID: 0}
  m_PrefabAsset: {fileID: 0}
  m_GameObject: {fileID: 4086930393932499560}
  m_Enabled: 1
  m_EditorHideFlags: 0
  m_Script: {fileID: 11500000, guid: dc42784cf147c0c48a680349fa168899, type: 3}
  m_Name: 
  m_EditorClassIdentifier: 
  m_IgnoreReversedGraphics: 1
  m_BlockingObjects: 0
  m_BlockingMask:
    serializedVersion: 2
    m_Bits: 4294967295
--- !u!114 &4086930393932499563
MonoBehaviour:
  m_ObjectHideFlags: 0
  m_CorrespondingSourceObject: {fileID: 0}
  m_PrefabInstance: {fileID: 0}
  m_PrefabAsset: {fileID: 0}
  m_GameObject: {fileID: 4086930393932499560}
  m_Enabled: 1
  m_EditorHideFlags: 0
  m_Script: {fileID: -1533785930, guid: 661092b4961be7145bfbe56e1e62337b, type: 3}
  m_Name: 
  m_EditorClassIdentifier: 
--- !u!222 &7566250582422960640
CanvasRenderer:
  m_ObjectHideFlags: 0
  m_CorrespondingSourceObject: {fileID: 0}
  m_PrefabInstance: {fileID: 0}
  m_PrefabAsset: {fileID: 0}
  m_GameObject: {fileID: 4086930393932499560}
  m_CullTransparentMesh: 0
--- !u!114 &8398053367601455288
MonoBehaviour:
  m_ObjectHideFlags: 0
  m_CorrespondingSourceObject: {fileID: 0}
  m_PrefabInstance: {fileID: 0}
  m_PrefabAsset: {fileID: 0}
  m_GameObject: {fileID: 4086930393932499560}
  m_Enabled: 1
  m_EditorHideFlags: 0
  m_Script: {fileID: 11500000, guid: fe87c0e1cc204ed48ad3b37840f39efc, type: 3}
  m_Name: 
  m_EditorClassIdentifier: 
  m_Material: {fileID: 2100000, guid: 2d4b915240258d24e9d5112b0cb13eab, type: 2}
  m_Color: {r: 0.08, g: 0.08, b: 0.08, a: 1}
  m_RaycastTarget: 1
  m_RaycastPadding: {x: 0, y: 0, z: 0, w: 0}
  m_Maskable: 1
  m_OnCullStateChanged:
    m_PersistentCalls:
      m_Calls: []
  m_Sprite: {fileID: 10905, guid: 0000000000000000f000000000000000, type: 0}
  m_Type: 1
  m_PreserveAspect: 0
  m_FillCenter: 1
  m_FillMethod: 4
  m_FillAmount: 1
  m_FillClockwise: 1
  m_FillOrigin: 0
  m_UseSpriteMesh: 0
  m_PixelsPerUnitMultiplier: 2
--- !u!1 &4086930395257171899
GameObject:
  m_ObjectHideFlags: 0
  m_CorrespondingSourceObject: {fileID: 0}
  m_PrefabInstance: {fileID: 0}
  m_PrefabAsset: {fileID: 0}
  serializedVersion: 6
  m_Component:
  - component: {fileID: 4086930395257171898}
  - component: {fileID: 4086930395257171900}
  - component: {fileID: 8214178193217063198}
  m_Layer: 8
  m_Name: Placeholder
  m_TagString: Untagged
  m_Icon: {fileID: 0}
  m_NavMeshLayer: 0
  m_StaticEditorFlags: 0
  m_IsActive: 1
--- !u!224 &4086930395257171898
RectTransform:
  m_ObjectHideFlags: 0
  m_CorrespondingSourceObject: {fileID: 0}
  m_PrefabInstance: {fileID: 0}
  m_PrefabAsset: {fileID: 0}
  m_GameObject: {fileID: 4086930395257171899}
  m_LocalRotation: {x: 0, y: 0, z: 0, w: 1}
  m_LocalPosition: {x: 0, y: 0, z: 0}
  m_LocalScale: {x: 1, y: 1, z: 1}
  m_ConstrainProportionsScale: 0
  m_Children: []
  m_Father: {fileID: 4086930393251630048}
  m_LocalEulerAnglesHint: {x: 0, y: 0, z: 0}
  m_AnchorMin: {x: 0, y: 0}
  m_AnchorMax: {x: 1, y: 1}
  m_AnchoredPosition: {x: 0, y: -0.5}
  m_SizeDelta: {x: -20, y: -13}
  m_Pivot: {x: 0.5, y: 0.5}
--- !u!222 &4086930395257171900
CanvasRenderer:
  m_ObjectHideFlags: 0
  m_CorrespondingSourceObject: {fileID: 0}
  m_PrefabInstance: {fileID: 0}
  m_PrefabAsset: {fileID: 0}
  m_GameObject: {fileID: 4086930395257171899}
  m_CullTransparentMesh: 0
--- !u!114 &8214178193217063198
MonoBehaviour:
  m_ObjectHideFlags: 0
  m_CorrespondingSourceObject: {fileID: 0}
  m_PrefabInstance: {fileID: 0}
  m_PrefabAsset: {fileID: 0}
  m_GameObject: {fileID: 4086930395257171899}
  m_Enabled: 1
  m_EditorHideFlags: 0
  m_Script: {fileID: 11500000, guid: f4688fdb7df04437aeb418b961361dc5, type: 3}
  m_Name: 
  m_EditorClassIdentifier: 
  m_Material: {fileID: 0}
  m_Color: {r: 1, g: 1, b: 1, a: 1}
  m_RaycastTarget: 1
  m_RaycastPadding: {x: 0, y: 0, z: 0, w: 0}
  m_Maskable: 1
  m_OnCullStateChanged:
    m_PersistentCalls:
      m_Calls: []
  m_text: Enter Alternate Url...
  m_isRightToLeft: 0
  m_fontAsset: {fileID: 11400000, guid: b519371b370990c44a6e753ec694634c, type: 2}
  m_sharedMaterial: {fileID: 2180264, guid: b519371b370990c44a6e753ec694634c, type: 2}
  m_fontSharedMaterials: []
  m_fontMaterial: {fileID: 0}
  m_fontMaterials: []
  m_fontColor32:
    serializedVersion: 2
    rgba: 4286611584
  m_fontColor: {r: 0.5, g: 0.5, b: 0.5, a: 1}
  m_enableVertexGradient: 0
  m_colorMode: 3
  m_fontColorGradient:
    topLeft: {r: 1, g: 1, b: 1, a: 1}
    topRight: {r: 1, g: 1, b: 1, a: 1}
    bottomLeft: {r: 1, g: 1, b: 1, a: 1}
    bottomRight: {r: 1, g: 1, b: 1, a: 1}
  m_fontColorGradientPreset: {fileID: 0}
  m_spriteAsset: {fileID: 0}
  m_tintAllSprites: 0
  m_StyleSheet: {fileID: 0}
  m_TextStyleHashCode: -1183493901
  m_overrideHtmlColors: 0
  m_faceColor:
    serializedVersion: 2
    rgba: 4294967295
  m_fontSize: 14
  m_fontSizeBase: 14
  m_fontWeight: 400
  m_enableAutoSizing: 0
  m_fontSizeMin: 18
  m_fontSizeMax: 72
  m_fontStyle: 2
  m_HorizontalAlignment: 1
  m_VerticalAlignment: 256
  m_textAlignment: 65535
  m_characterSpacing: 0
  m_wordSpacing: 0
  m_lineSpacing: 0
  m_lineSpacingMax: 0
  m_paragraphSpacing: 0
  m_charWidthMaxAdj: 0
  m_enableWordWrapping: 1
  m_wordWrappingRatios: 0.4
  m_overflowMode: 0
  m_linkedTextComponent: {fileID: 0}
  parentLinkedComponent: {fileID: 0}
  m_enableKerning: 1
  m_enableExtraPadding: 0
  checkPaddingRequired: 0
  m_isRichText: 1
  m_parseCtrlCharacters: 1
  m_isOrthographic: 1
  m_isCullingEnabled: 0
  m_horizontalMapping: 0
  m_verticalMapping: 0
  m_uvLineOffset: 0
  m_geometrySortingOrder: 0
  m_IsTextObjectScaleStatic: 0
  m_VertexBufferAutoSizeReduction: 0
  m_useMaxVisibleDescender: 1
  m_pageToDisplay: 1
  m_margin: {x: 0, y: 0, z: 0, w: 0}
  m_isUsingLegacyAnimationComponent: 0
  m_isVolumetricText: 0
  m_hasFontAssetChanged: 0
  m_baseMaterial: {fileID: 0}
  m_maskOffset: {x: 0, y: 0, z: 0, w: 0}
--- !u!1 &4656624052261708821
GameObject:
  m_ObjectHideFlags: 0
  m_CorrespondingSourceObject: {fileID: 0}
  m_PrefabInstance: {fileID: 0}
  m_PrefabAsset: {fileID: 0}
  serializedVersion: 6
  m_Component:
  - component: {fileID: 5789486015234893487}
  - component: {fileID: 2273287274511791437}
  - component: {fileID: 4530206378099594630}
  m_Layer: 8
  m_Name: Placeholder
  m_TagString: Untagged
  m_Icon: {fileID: 0}
  m_NavMeshLayer: 0
  m_StaticEditorFlags: 0
  m_IsActive: 1
--- !u!224 &5789486015234893487
RectTransform:
  m_ObjectHideFlags: 0
  m_CorrespondingSourceObject: {fileID: 0}
  m_PrefabInstance: {fileID: 0}
  m_PrefabAsset: {fileID: 0}
  m_GameObject: {fileID: 4656624052261708821}
  m_LocalRotation: {x: 0, y: 0, z: 0, w: 1}
  m_LocalPosition: {x: 0, y: 0, z: 0}
  m_LocalScale: {x: 1, y: 1, z: 1}
  m_ConstrainProportionsScale: 0
  m_Children: []
  m_Father: {fileID: 2062460446129837555}
  m_LocalEulerAnglesHint: {x: 0, y: 0, z: 0}
  m_AnchorMin: {x: 0, y: 0}
  m_AnchorMax: {x: 1, y: 1}
  m_AnchoredPosition: {x: 0, y: -0.5}
  m_SizeDelta: {x: -20, y: -13}
  m_Pivot: {x: 0.5, y: 0.5}
--- !u!222 &2273287274511791437
CanvasRenderer:
  m_ObjectHideFlags: 0
  m_CorrespondingSourceObject: {fileID: 0}
  m_PrefabInstance: {fileID: 0}
  m_PrefabAsset: {fileID: 0}
  m_GameObject: {fileID: 4656624052261708821}
  m_CullTransparentMesh: 0
--- !u!114 &4530206378099594630
MonoBehaviour:
  m_ObjectHideFlags: 0
  m_CorrespondingSourceObject: {fileID: 0}
  m_PrefabInstance: {fileID: 0}
  m_PrefabAsset: {fileID: 0}
  m_GameObject: {fileID: 4656624052261708821}
  m_Enabled: 1
  m_EditorHideFlags: 0
  m_Script: {fileID: 11500000, guid: f4688fdb7df04437aeb418b961361dc5, type: 3}
  m_Name: 
  m_EditorClassIdentifier: 
  m_Material: {fileID: 0}
  m_Color: {r: 1, g: 1, b: 1, a: 1}
  m_RaycastTarget: 1
  m_RaycastPadding: {x: 0, y: 0, z: 0, w: 0}
  m_Maskable: 1
  m_OnCullStateChanged:
    m_PersistentCalls:
      m_Calls: []
  m_text: Enter Title...
  m_isRightToLeft: 0
  m_fontAsset: {fileID: 11400000, guid: b519371b370990c44a6e753ec694634c, type: 2}
  m_sharedMaterial: {fileID: 2180264, guid: b519371b370990c44a6e753ec694634c, type: 2}
  m_fontSharedMaterials: []
  m_fontMaterial: {fileID: 0}
  m_fontMaterials: []
  m_fontColor32:
    serializedVersion: 2
    rgba: 4286611584
  m_fontColor: {r: 0.5, g: 0.5, b: 0.5, a: 1}
  m_enableVertexGradient: 0
  m_colorMode: 3
  m_fontColorGradient:
    topLeft: {r: 1, g: 1, b: 1, a: 1}
    topRight: {r: 1, g: 1, b: 1, a: 1}
    bottomLeft: {r: 1, g: 1, b: 1, a: 1}
    bottomRight: {r: 1, g: 1, b: 1, a: 1}
  m_fontColorGradientPreset: {fileID: 0}
  m_spriteAsset: {fileID: 0}
  m_tintAllSprites: 0
  m_StyleSheet: {fileID: 0}
  m_TextStyleHashCode: -1183493901
  m_overrideHtmlColors: 0
  m_faceColor:
    serializedVersion: 2
    rgba: 4294967295
  m_fontSize: 14
  m_fontSizeBase: 14
  m_fontWeight: 400
  m_enableAutoSizing: 0
  m_fontSizeMin: 18
  m_fontSizeMax: 72
  m_fontStyle: 2
  m_HorizontalAlignment: 1
  m_VerticalAlignment: 256
  m_textAlignment: 65535
  m_characterSpacing: 0
  m_wordSpacing: 0
  m_lineSpacing: 0
  m_lineSpacingMax: 0
  m_paragraphSpacing: 0
  m_charWidthMaxAdj: 0
  m_enableWordWrapping: 1
  m_wordWrappingRatios: 0.4
  m_overflowMode: 0
  m_linkedTextComponent: {fileID: 0}
  parentLinkedComponent: {fileID: 0}
  m_enableKerning: 1
  m_enableExtraPadding: 0
  checkPaddingRequired: 0
  m_isRichText: 1
  m_parseCtrlCharacters: 1
  m_isOrthographic: 1
  m_isCullingEnabled: 0
  m_horizontalMapping: 0
  m_verticalMapping: 0
  m_uvLineOffset: 0
  m_geometrySortingOrder: 0
  m_IsTextObjectScaleStatic: 0
  m_VertexBufferAutoSizeReduction: 0
  m_useMaxVisibleDescender: 1
  m_pageToDisplay: 1
  m_margin: {x: 0, y: 0, z: 0, w: 0}
  m_isUsingLegacyAnimationComponent: 0
  m_isVolumetricText: 0
  m_hasFontAssetChanged: 0
  m_baseMaterial: {fileID: 0}
  m_maskOffset: {x: 0, y: 0, z: 0, w: 0}
--- !u!1 &4678088714362313010
GameObject:
  m_ObjectHideFlags: 0
  m_CorrespondingSourceObject: {fileID: 0}
  m_PrefabInstance: {fileID: 0}
  m_PrefabAsset: {fileID: 0}
  serializedVersion: 6
  m_Component:
  - component: {fileID: 3297981262000302602}
  - component: {fileID: 1940150602246217417}
  - component: {fileID: 8258006042699614531}
  - component: {fileID: 4388070205109311751}
  m_Layer: 8
  m_Name: MainUrl
  m_TagString: Untagged
  m_Icon: {fileID: 0}
  m_NavMeshLayer: 0
  m_StaticEditorFlags: 0
  m_IsActive: 1
--- !u!224 &3297981262000302602
RectTransform:
  m_ObjectHideFlags: 0
  m_CorrespondingSourceObject: {fileID: 0}
  m_PrefabInstance: {fileID: 0}
  m_PrefabAsset: {fileID: 0}
  m_GameObject: {fileID: 4678088714362313010}
  m_LocalRotation: {x: 0, y: 0, z: 0, w: 1}
  m_LocalPosition: {x: 0, y: 0, z: 0}
  m_LocalScale: {x: 1, y: 1, z: 1}
  m_ConstrainProportionsScale: 0
  m_Children:
  - {fileID: 93509889304301166}
  - {fileID: 9104043444846552112}
  m_Father: {fileID: 4086930393932499566}
  m_LocalEulerAnglesHint: {x: 0, y: 0, z: 0}
  m_AnchorMin: {x: 0, y: 0}
  m_AnchorMax: {x: 1, y: 0}
  m_AnchoredPosition: {x: -17.5, y: 80}
  m_SizeDelta: {x: -55, y: 30}
  m_Pivot: {x: 0.5, y: 0}
--- !u!114 &1940150602246217417
MonoBehaviour:
  m_ObjectHideFlags: 0
  m_CorrespondingSourceObject: {fileID: 0}
  m_PrefabInstance: {fileID: 0}
  m_PrefabAsset: {fileID: 0}
  m_GameObject: {fileID: 4678088714362313010}
  m_Enabled: 1
  m_EditorHideFlags: 0
  m_Script: {fileID: -547739040, guid: 661092b4961be7145bfbe56e1e62337b, type: 3}
  m_Name: 
  m_EditorClassIdentifier: 
  m_Navigation:
    m_Mode: 0
    m_WrapAround: 0
    m_SelectOnUp: {fileID: 0}
    m_SelectOnDown: {fileID: 0}
    m_SelectOnLeft: {fileID: 0}
    m_SelectOnRight: {fileID: 0}
  m_Transition: 0
  m_Colors:
    m_NormalColor: {r: 1, g: 1, b: 1, a: 1}
    m_HighlightedColor: {r: 0.9607843, g: 0.9607843, b: 0.9607843, a: 1}
    m_PressedColor: {r: 0.78431374, g: 0.78431374, b: 0.78431374, a: 1}
    m_SelectedColor: {r: 0.9607843, g: 0.9607843, b: 0.9607843, a: 1}
    m_DisabledColor: {r: 0.78431374, g: 0.78431374, b: 0.78431374, a: 0.5019608}
    m_ColorMultiplier: 1
    m_FadeDuration: 0.1
  m_SpriteState:
    m_HighlightedSprite: {fileID: 0}
    m_PressedSprite: {fileID: 0}
    m_SelectedSprite: {fileID: 0}
    m_DisabledSprite: {fileID: 0}
  m_AnimationTriggers:
    m_NormalTrigger: Normal
    m_HighlightedTrigger: Highlighted
    m_PressedTrigger: Pressed
    m_SelectedTrigger: Selected
    m_DisabledTrigger: Disabled
  m_Interactable: 1
  m_TargetGraphic: {fileID: 4388070205109311751}
  m_TextComponent: {fileID: 398533043968807435}
  m_Placeholder: {fileID: 4895394486731759131}
  m_ContentType: 0
  m_InputType: 0
  m_AsteriskChar: 42
  m_KeyboardType: 0
  m_LineType: 0
  m_HideMobileInput: 0
  m_CharacterValidation: 0
  m_CharacterLimit: 0
  m_OnEndEdit:
    m_PersistentCalls:
      m_Calls: []
  m_OnValueChanged:
    m_PersistentCalls:
      m_Calls:
      - m_Target: {fileID: 4086930393932499567}
        m_TargetAssemblyTypeName: 
        m_MethodName: SendCustomEvent
        m_Mode: 5
        m_Arguments:
          m_ObjectArgument: {fileID: 0}
          m_ObjectArgumentAssemblyTypeName: UnityEngine.Object, UnityEngine
          m_IntArgument: 0
          m_FloatArgument: 0
          m_StringArgument: UpdateUrlInput
          m_BoolArgument: 0
        m_CallState: 2
  m_CaretColor: {r: 0.19607843, g: 0.19607843, b: 0.19607843, a: 1}
  m_CustomCaretColor: 0
  m_SelectionColor: {r: 0.65882355, g: 0.80784315, b: 1, a: 0.7529412}
  m_Text: 
  m_CaretBlinkRate: 0.85
  m_CaretWidth: 1
  m_ReadOnly: 0
  m_ShouldActivateOnSelect: 1
  AllowSendingOnEndEdit: 1
--- !u!222 &8258006042699614531
CanvasRenderer:
  m_ObjectHideFlags: 0
  m_CorrespondingSourceObject: {fileID: 0}
  m_PrefabInstance: {fileID: 0}
  m_PrefabAsset: {fileID: 0}
  m_GameObject: {fileID: 4678088714362313010}
  m_CullTransparentMesh: 0
--- !u!114 &4388070205109311751
MonoBehaviour:
  m_ObjectHideFlags: 0
  m_CorrespondingSourceObject: {fileID: 0}
  m_PrefabInstance: {fileID: 0}
  m_PrefabAsset: {fileID: 0}
  m_GameObject: {fileID: 4678088714362313010}
  m_Enabled: 1
  m_EditorHideFlags: 0
  m_Script: {fileID: 11500000, guid: fe87c0e1cc204ed48ad3b37840f39efc, type: 3}
  m_Name: 
  m_EditorClassIdentifier: 
  m_Material: {fileID: 2100000, guid: 2d4b915240258d24e9d5112b0cb13eab, type: 2}
  m_Color: {r: 0.2, g: 0.2, b: 0.2, a: 1}
  m_RaycastTarget: 1
  m_RaycastPadding: {x: 0, y: 0, z: 0, w: 0}
  m_Maskable: 1
  m_OnCullStateChanged:
    m_PersistentCalls:
      m_Calls: []
  m_Sprite: {fileID: 10905, guid: 0000000000000000f000000000000000, type: 0}
  m_Type: 1
  m_PreserveAspect: 0
  m_FillCenter: 1
  m_FillMethod: 4
  m_FillAmount: 1
  m_FillClockwise: 1
  m_FillOrigin: 0
  m_UseSpriteMesh: 0
  m_PixelsPerUnitMultiplier: 2
--- !u!1 &5827238671501016571
GameObject:
  m_ObjectHideFlags: 0
  m_CorrespondingSourceObject: {fileID: 0}
  m_PrefabInstance: {fileID: 0}
  m_PrefabAsset: {fileID: 0}
  serializedVersion: 6
  m_Component:
  - component: {fileID: 5051684535989483759}
  - component: {fileID: 124223826207697551}
  - component: {fileID: 6887106037639090785}
  - component: {fileID: 4977093659473434912}
  m_Layer: 8
  m_Name: Send
  m_TagString: Untagged
  m_Icon: {fileID: 0}
  m_NavMeshLayer: 0
  m_StaticEditorFlags: 0
  m_IsActive: 1
--- !u!224 &5051684535989483759
RectTransform:
  m_ObjectHideFlags: 0
  m_CorrespondingSourceObject: {fileID: 0}
  m_PrefabInstance: {fileID: 0}
  m_PrefabAsset: {fileID: 0}
  m_GameObject: {fileID: 5827238671501016571}
  m_LocalRotation: {x: 0, y: 0, z: 0, w: 1}
  m_LocalPosition: {x: 0, y: 0, z: 0}
  m_LocalScale: {x: 1, y: 1, z: 1}
  m_ConstrainProportionsScale: 0
  m_Children:
  - {fileID: 2301366492110779796}
  m_Father: {fileID: 4086930393932499566}
  m_LocalEulerAnglesHint: {x: 0, y: 0, z: 0}
  m_AnchorMin: {x: 1, y: 0}
  m_AnchorMax: {x: 1, y: 0}
  m_AnchoredPosition: {x: -10, y: 80}
  m_SizeDelta: {x: 30, y: 30}
  m_Pivot: {x: 1, y: 0}
--- !u!222 &124223826207697551
CanvasRenderer:
  m_ObjectHideFlags: 0
  m_CorrespondingSourceObject: {fileID: 0}
  m_PrefabInstance: {fileID: 0}
  m_PrefabAsset: {fileID: 0}
  m_GameObject: {fileID: 5827238671501016571}
  m_CullTransparentMesh: 0
--- !u!114 &6887106037639090785
MonoBehaviour:
  m_ObjectHideFlags: 0
  m_CorrespondingSourceObject: {fileID: 0}
  m_PrefabInstance: {fileID: 0}
  m_PrefabAsset: {fileID: 0}
  m_GameObject: {fileID: 5827238671501016571}
  m_Enabled: 1
  m_EditorHideFlags: 0
  m_Script: {fileID: 11500000, guid: fe87c0e1cc204ed48ad3b37840f39efc, type: 3}
  m_Name: 
  m_EditorClassIdentifier: 
  m_Material: {fileID: 2100000, guid: 2d4b915240258d24e9d5112b0cb13eab, type: 2}
  m_Color: {r: 0.2, g: 0.2, b: 0.2, a: 1}
  m_RaycastTarget: 1
  m_RaycastPadding: {x: 0, y: 0, z: 0, w: 0}
  m_Maskable: 1
  m_OnCullStateChanged:
    m_PersistentCalls:
      m_Calls: []
  m_Sprite: {fileID: 10905, guid: 0000000000000000f000000000000000, type: 0}
  m_Type: 1
  m_PreserveAspect: 0
  m_FillCenter: 1
  m_FillMethod: 4
  m_FillAmount: 1
  m_FillClockwise: 1
  m_FillOrigin: 0
  m_UseSpriteMesh: 0
  m_PixelsPerUnitMultiplier: 2
--- !u!114 &4977093659473434912
MonoBehaviour:
  m_ObjectHideFlags: 0
  m_CorrespondingSourceObject: {fileID: 0}
  m_PrefabInstance: {fileID: 0}
  m_PrefabAsset: {fileID: 0}
  m_GameObject: {fileID: 5827238671501016571}
  m_Enabled: 1
  m_EditorHideFlags: 0
  m_Script: {fileID: 11500000, guid: 4e29b1a8efbd4b44bb3f3716e73f07ff, type: 3}
  m_Name: 
  m_EditorClassIdentifier: 
  m_Navigation:
    m_Mode: 0
    m_WrapAround: 0
    m_SelectOnUp: {fileID: 0}
    m_SelectOnDown: {fileID: 0}
    m_SelectOnLeft: {fileID: 0}
    m_SelectOnRight: {fileID: 0}
  m_Transition: 0
  m_Colors:
    m_NormalColor: {r: 1, g: 1, b: 1, a: 1}
    m_HighlightedColor: {r: 0.9607843, g: 0.9607843, b: 0.9607843, a: 1}
    m_PressedColor: {r: 0.78431374, g: 0.78431374, b: 0.78431374, a: 1}
    m_SelectedColor: {r: 0.9607843, g: 0.9607843, b: 0.9607843, a: 1}
    m_DisabledColor: {r: 0.78431374, g: 0.78431374, b: 0.78431374, a: 0.5019608}
    m_ColorMultiplier: 1
    m_FadeDuration: 0.1
  m_SpriteState:
    m_HighlightedSprite: {fileID: 0}
    m_PressedSprite: {fileID: 0}
    m_SelectedSprite: {fileID: 0}
    m_DisabledSprite: {fileID: 0}
  m_AnimationTriggers:
    m_NormalTrigger: Normal
    m_HighlightedTrigger: Highlighted
    m_PressedTrigger: Pressed
    m_SelectedTrigger: Highlighted
    m_DisabledTrigger: Disabled
  m_Interactable: 1
  m_TargetGraphic: {fileID: 6887106037639090785}
  m_OnClick:
    m_PersistentCalls:
      m_Calls:
      - m_Target: {fileID: 4086930393932499567}
        m_TargetAssemblyTypeName: 
        m_MethodName: SendCustomEvent
        m_Mode: 5
        m_Arguments:
          m_ObjectArgument: {fileID: 0}
          m_ObjectArgumentAssemblyTypeName: UnityEngine.Object, UnityEngine
          m_IntArgument: 0
          m_FloatArgument: 0
          m_StringArgument: ChangeMedia
          m_BoolArgument: 0
        m_CallState: 2
--- !u!1 &6927366501602405675
GameObject:
  m_ObjectHideFlags: 0
  m_CorrespondingSourceObject: {fileID: 0}
  m_PrefabInstance: {fileID: 0}
  m_PrefabAsset: {fileID: 0}
  serializedVersion: 6
  m_Component:
  - component: {fileID: 6224486206156739144}
  - component: {fileID: 4914912442197210197}
  - component: {fileID: 5425858111641633561}
  m_Layer: 8
  m_Name: Text
  m_TagString: Untagged
  m_Icon: {fileID: 0}
  m_NavMeshLayer: 0
  m_StaticEditorFlags: 0
  m_IsActive: 1
--- !u!224 &6224486206156739144
RectTransform:
  m_ObjectHideFlags: 0
  m_CorrespondingSourceObject: {fileID: 0}
  m_PrefabInstance: {fileID: 0}
  m_PrefabAsset: {fileID: 0}
  m_GameObject: {fileID: 6927366501602405675}
  m_LocalRotation: {x: 0, y: 0, z: 0, w: 1}
  m_LocalPosition: {x: 0, y: 0, z: 0}
  m_LocalScale: {x: 1, y: 1, z: 1}
  m_ConstrainProportionsScale: 0
  m_Children: []
  m_Father: {fileID: 2062460446129837555}
  m_LocalEulerAnglesHint: {x: 0, y: 0, z: 0}
  m_AnchorMin: {x: 0, y: 0}
  m_AnchorMax: {x: 1, y: 1}
  m_AnchoredPosition: {x: 0, y: -0.5}
  m_SizeDelta: {x: -20, y: -13}
  m_Pivot: {x: 0.5, y: 0.5}
--- !u!222 &4914912442197210197
CanvasRenderer:
  m_ObjectHideFlags: 0
  m_CorrespondingSourceObject: {fileID: 0}
  m_PrefabInstance: {fileID: 0}
  m_PrefabAsset: {fileID: 0}
  m_GameObject: {fileID: 6927366501602405675}
  m_CullTransparentMesh: 0
--- !u!114 &5425858111641633561
MonoBehaviour:
  m_ObjectHideFlags: 0
  m_CorrespondingSourceObject: {fileID: 0}
  m_PrefabInstance: {fileID: 0}
  m_PrefabAsset: {fileID: 0}
  m_GameObject: {fileID: 6927366501602405675}
  m_Enabled: 1
  m_EditorHideFlags: 0
  m_Script: {fileID: 11500000, guid: 5f7201a12d95ffc409449d95f23cf332, type: 3}
  m_Name: 
  m_EditorClassIdentifier: 
  m_Material: {fileID: 2100000, guid: 2d4b915240258d24e9d5112b0cb13eab, type: 2}
  m_Color: {r: 0.9, g: 0.9, b: 0.9, a: 1}
  m_RaycastTarget: 1
  m_RaycastPadding: {x: 0, y: 0, z: 0, w: 0}
  m_Maskable: 1
  m_OnCullStateChanged:
    m_PersistentCalls:
      m_Calls: []
  m_FontData:
    m_Font: {fileID: 10102, guid: 0000000000000000e000000000000000, type: 0}
    m_FontSize: 14
    m_FontStyle: 0
    m_BestFit: 0
    m_MinSize: 10
    m_MaxSize: 40
    m_Alignment: 0
    m_AlignByGeometry: 0
    m_RichText: 0
    m_HorizontalOverflow: 1
    m_VerticalOverflow: 0
    m_LineSpacing: 1
  m_Text: 
--- !u!1001 &6225179549382575410
PrefabInstance:
  m_ObjectHideFlags: 0
  serializedVersion: 2
  m_Modification:
    serializedVersion: 3
    m_TransformParent: {fileID: 4086930393932499566}
    m_Modifications:
    - target: {fileID: 368538773720433715, guid: 8eb4d6ccd16ddb54f995f0f0ca064056,
        type: 3}
      propertyPath: m_Pivot.y
      value: 0
      objectReference: {fileID: 0}
    - target: {fileID: 368538773720433715, guid: 8eb4d6ccd16ddb54f995f0f0ca064056,
        type: 3}
      propertyPath: m_AnchorMax.y
      value: 0
      objectReference: {fileID: 0}
    - target: {fileID: 368538773720433715, guid: 8eb4d6ccd16ddb54f995f0f0ca064056,
        type: 3}
      propertyPath: m_AnchorMin.y
      value: 0
      objectReference: {fileID: 0}
    - target: {fileID: 368538773720433715, guid: 8eb4d6ccd16ddb54f995f0f0ca064056,
        type: 3}
      propertyPath: m_SizeDelta.y
      value: 8
      objectReference: {fileID: 0}
    - target: {fileID: 368538773720433715, guid: 8eb4d6ccd16ddb54f995f0f0ca064056,
        type: 3}
      propertyPath: m_AnchoredPosition.x
      value: -5
      objectReference: {fileID: 0}
    - target: {fileID: 368538773720433715, guid: 8eb4d6ccd16ddb54f995f0f0ca064056,
        type: 3}
      propertyPath: m_AnchoredPosition.y
      value: 5
      objectReference: {fileID: 0}
    - target: {fileID: 639044277231458742, guid: 8eb4d6ccd16ddb54f995f0f0ca064056,
        type: 3}
      propertyPath: m_Pivot.x
      value: 1
      objectReference: {fileID: 0}
    - target: {fileID: 639044277231458742, guid: 8eb4d6ccd16ddb54f995f0f0ca064056,
        type: 3}
      propertyPath: m_Pivot.y
      value: 0
      objectReference: {fileID: 0}
    - target: {fileID: 639044277231458742, guid: 8eb4d6ccd16ddb54f995f0f0ca064056,
        type: 3}
      propertyPath: m_RootOrder
      value: 5
      objectReference: {fileID: 0}
    - target: {fileID: 639044277231458742, guid: 8eb4d6ccd16ddb54f995f0f0ca064056,
        type: 3}
      propertyPath: m_AnchorMax.x
      value: 1
      objectReference: {fileID: 0}
    - target: {fileID: 639044277231458742, guid: 8eb4d6ccd16ddb54f995f0f0ca064056,
        type: 3}
      propertyPath: m_AnchorMax.y
      value: 0
      objectReference: {fileID: 0}
    - target: {fileID: 639044277231458742, guid: 8eb4d6ccd16ddb54f995f0f0ca064056,
        type: 3}
      propertyPath: m_AnchorMin.x
      value: 1
      objectReference: {fileID: 0}
    - target: {fileID: 639044277231458742, guid: 8eb4d6ccd16ddb54f995f0f0ca064056,
        type: 3}
      propertyPath: m_AnchorMin.y
      value: 0
      objectReference: {fileID: 0}
    - target: {fileID: 639044277231458742, guid: 8eb4d6ccd16ddb54f995f0f0ca064056,
        type: 3}
      propertyPath: m_SizeDelta.x
      value: 100
      objectReference: {fileID: 0}
    - target: {fileID: 639044277231458742, guid: 8eb4d6ccd16ddb54f995f0f0ca064056,
        type: 3}
      propertyPath: m_SizeDelta.y
      value: 60
      objectReference: {fileID: 0}
    - target: {fileID: 639044277231458742, guid: 8eb4d6ccd16ddb54f995f0f0ca064056,
        type: 3}
      propertyPath: m_LocalPosition.x
      value: 0
      objectReference: {fileID: 0}
    - target: {fileID: 639044277231458742, guid: 8eb4d6ccd16ddb54f995f0f0ca064056,
        type: 3}
      propertyPath: m_LocalPosition.y
      value: 0
      objectReference: {fileID: 0}
    - target: {fileID: 639044277231458742, guid: 8eb4d6ccd16ddb54f995f0f0ca064056,
        type: 3}
      propertyPath: m_LocalPosition.z
      value: 0
      objectReference: {fileID: 0}
    - target: {fileID: 639044277231458742, guid: 8eb4d6ccd16ddb54f995f0f0ca064056,
        type: 3}
      propertyPath: m_LocalRotation.w
      value: 1
      objectReference: {fileID: 0}
    - target: {fileID: 639044277231458742, guid: 8eb4d6ccd16ddb54f995f0f0ca064056,
        type: 3}
      propertyPath: m_LocalRotation.x
      value: 0
      objectReference: {fileID: 0}
    - target: {fileID: 639044277231458742, guid: 8eb4d6ccd16ddb54f995f0f0ca064056,
        type: 3}
      propertyPath: m_LocalRotation.y
      value: 0
      objectReference: {fileID: 0}
    - target: {fileID: 639044277231458742, guid: 8eb4d6ccd16ddb54f995f0f0ca064056,
        type: 3}
      propertyPath: m_LocalRotation.z
      value: 0
      objectReference: {fileID: 0}
    - target: {fileID: 639044277231458742, guid: 8eb4d6ccd16ddb54f995f0f0ca064056,
        type: 3}
      propertyPath: m_AnchoredPosition.x
      value: 0
      objectReference: {fileID: 0}
    - target: {fileID: 639044277231458742, guid: 8eb4d6ccd16ddb54f995f0f0ca064056,
        type: 3}
      propertyPath: m_AnchoredPosition.y
      value: 0
      objectReference: {fileID: 0}
    - target: {fileID: 639044277231458742, guid: 8eb4d6ccd16ddb54f995f0f0ca064056,
        type: 3}
      propertyPath: m_LocalEulerAnglesHint.x
      value: 0
      objectReference: {fileID: 0}
    - target: {fileID: 639044277231458742, guid: 8eb4d6ccd16ddb54f995f0f0ca064056,
        type: 3}
      propertyPath: m_LocalEulerAnglesHint.y
      value: 0
      objectReference: {fileID: 0}
    - target: {fileID: 639044277231458742, guid: 8eb4d6ccd16ddb54f995f0f0ca064056,
        type: 3}
      propertyPath: m_LocalEulerAnglesHint.z
      value: 0
      objectReference: {fileID: 0}
    - target: {fileID: 4835943155326954644, guid: 8eb4d6ccd16ddb54f995f0f0ca064056,
        type: 3}
      propertyPath: m_Material
      value: 
      objectReference: {fileID: 2100000, guid: 2d4b915240258d24e9d5112b0cb13eab, type: 2}
    - target: {fileID: 5464323924578856564, guid: 8eb4d6ccd16ddb54f995f0f0ca064056,
        type: 3}
      propertyPath: m_Material
      value: 
      objectReference: {fileID: 2100000, guid: 2d4b915240258d24e9d5112b0cb13eab, type: 2}
    - target: {fileID: 7362685073427490663, guid: 8eb4d6ccd16ddb54f995f0f0ca064056,
        type: 3}
      propertyPath: m_Name
      value: AssetInfo
      objectReference: {fileID: 0}
    - target: {fileID: 7689720019065155337, guid: 8eb4d6ccd16ddb54f995f0f0ca064056,
        type: 3}
      propertyPath: m_Pivot.x
      value: 1
      objectReference: {fileID: 0}
    - target: {fileID: 7689720019065155337, guid: 8eb4d6ccd16ddb54f995f0f0ca064056,
        type: 3}
      propertyPath: m_Pivot.y
      value: 0
      objectReference: {fileID: 0}
    - target: {fileID: 7689720019065155337, guid: 8eb4d6ccd16ddb54f995f0f0ca064056,
        type: 3}
      propertyPath: m_AnchorMax.y
      value: 0
      objectReference: {fileID: 0}
    - target: {fileID: 7689720019065155337, guid: 8eb4d6ccd16ddb54f995f0f0ca064056,
        type: 3}
      propertyPath: m_AnchorMin.x
      value: 1
      objectReference: {fileID: 0}
    - target: {fileID: 7689720019065155337, guid: 8eb4d6ccd16ddb54f995f0f0ca064056,
        type: 3}
      propertyPath: m_SizeDelta.x
      value: 100
      objectReference: {fileID: 0}
    - target: {fileID: 7689720019065155337, guid: 8eb4d6ccd16ddb54f995f0f0ca064056,
        type: 3}
      propertyPath: m_SizeDelta.y
      value: 60
      objectReference: {fileID: 0}
    - target: {fileID: 7689720019065155337, guid: 8eb4d6ccd16ddb54f995f0f0ca064056,
        type: 3}
      propertyPath: m_AnchoredPosition.x
      value: -5
      objectReference: {fileID: 0}
    - target: {fileID: 7689720019065155337, guid: 8eb4d6ccd16ddb54f995f0f0ca064056,
        type: 3}
      propertyPath: m_AnchoredPosition.y
      value: 5
      objectReference: {fileID: 0}
    - target: {fileID: 7689720019065155338, guid: 8eb4d6ccd16ddb54f995f0f0ca064056,
        type: 3}
      propertyPath: m_IsActive
      value: 0
      objectReference: {fileID: 0}
    - target: {fileID: 7689720019145175624, guid: 8eb4d6ccd16ddb54f995f0f0ca064056,
        type: 3}
      propertyPath: m_AnchoredPosition.x
      value: 0.59999084
      objectReference: {fileID: 0}
    - target: {fileID: 7689720019145175624, guid: 8eb4d6ccd16ddb54f995f0f0ca064056,
        type: 3}
      propertyPath: m_AnchoredPosition.y
      value: -0.6999893
      objectReference: {fileID: 0}
    - target: {fileID: 7689720019767820133, guid: 8eb4d6ccd16ddb54f995f0f0ca064056,
        type: 3}
      propertyPath: m_Material
      value: 
      objectReference: {fileID: 2100000, guid: 2d4b915240258d24e9d5112b0cb13eab, type: 2}
    - target: {fileID: 8504261793156561596, guid: 8eb4d6ccd16ddb54f995f0f0ca064056,
        type: 3}
      propertyPath: onValueChanged.m_PersistentCalls.m_Calls.Array.data[0].m_TargetAssemblyTypeName
      value: UnityEngine.GameObject, UnityEngine
      objectReference: {fileID: 0}
    m_RemovedComponents: []
    m_RemovedGameObjects: []
    m_AddedGameObjects: []
    m_AddedComponents: []
  m_SourcePrefab: {fileID: 100100000, guid: 8eb4d6ccd16ddb54f995f0f0ca064056, type: 3}
--- !u!224 &6825786547088465028 stripped
RectTransform:
  m_CorrespondingSourceObject: {fileID: 639044277231458742, guid: 8eb4d6ccd16ddb54f995f0f0ca064056,
    type: 3}
  m_PrefabInstance: {fileID: 6225179549382575410}
  m_PrefabAsset: {fileID: 0}
