%YAML 1.1
%TAG !u! tag:unity3d.com,2011:
--- !u!1 &2143869199109159570
GameObject:
  m_ObjectHideFlags: 0
  m_CorrespondingSourceObject: {fileID: 0}
  m_PrefabInstance: {fileID: 0}
  m_PrefabAsset: {fileID: 0}
  serializedVersion: 6
  m_Component:
  - component: {fileID: 2143869199109159571}
  - component: {fileID: 2143869199109159573}
  - component: {fileID: 2670072818653535791}
  m_Layer: 8
  m_Name: ActionText
  m_TagString: Untagged
  m_Icon: {fileID: 0}
  m_NavMeshLayer: 0
  m_StaticEditorFlags: 0
  m_IsActive: 1
--- !u!224 &2143869199109159571
RectTransform:
  m_ObjectHideFlags: 0
  m_CorrespondingSourceObject: {fileID: 0}
  m_PrefabInstance: {fileID: 0}
  m_PrefabAsset: {fileID: 0}
  m_GameObject: {fileID: 2143869199109159570}
  m_LocalRotation: {x: -0, y: -0, z: -0, w: 1}
  m_LocalPosition: {x: 0, y: 0, z: 0}
  m_LocalScale: {x: 1, y: 1, z: 1}
  m_ConstrainProportionsScale: 0
  m_Children: []
  m_Father: {fileID: 2143869199717780193}
  m_LocalEulerAnglesHint: {x: 0, y: 0, z: 0}
  m_AnchorMin: {x: 0, y: 0}
  m_AnchorMax: {x: 1, y: 1}
  m_AnchoredPosition: {x: 0, y: 0}
  m_SizeDelta: {x: 0, y: 0}
  m_Pivot: {x: 0.5, y: 0.5}
--- !u!222 &2143869199109159573
CanvasRenderer:
  m_ObjectHideFlags: 0
  m_CorrespondingSourceObject: {fileID: 0}
  m_PrefabInstance: {fileID: 0}
  m_PrefabAsset: {fileID: 0}
  m_GameObject: {fileID: 2143869199109159570}
  m_CullTransparentMesh: 0
--- !u!114 &2670072818653535791
MonoBehaviour:
  m_ObjectHideFlags: 0
  m_CorrespondingSourceObject: {fileID: 0}
  m_PrefabInstance: {fileID: 0}
  m_PrefabAsset: {fileID: 0}
  m_GameObject: {fileID: 2143869199109159570}
  m_Enabled: 1
  m_EditorHideFlags: 0
  m_Script: {fileID: 11500000, guid: f4688fdb7df04437aeb418b961361dc5, type: 3}
  m_Name: 
  m_EditorClassIdentifier: 
  m_Material: {fileID: 0}
  m_Color: {r: 1, g: 1, b: 1, a: 1}
  m_RaycastTarget: 1
  m_RaycastPadding: {x: 0, y: 0, z: 0, w: 0}
  m_Maskable: 1
  m_OnCullStateChanged:
    m_PersistentCalls:
      m_Calls: []
  m_text: Skip
  m_isRightToLeft: 0
  m_fontAsset: {fileID: 11400000, guid: b519371b370990c44a6e753ec694634c, type: 2}
  m_sharedMaterial: {fileID: 2180264, guid: b519371b370990c44a6e753ec694634c, type: 2}
  m_fontSharedMaterials: []
  m_fontMaterial: {fileID: 0}
  m_fontMaterials: []
  m_fontColor32:
    serializedVersion: 2
    rgba: 4293322470
  m_fontColor: {r: 0.9, g: 0.9, b: 0.9, a: 1}
  m_enableVertexGradient: 0
  m_colorMode: 3
  m_fontColorGradient:
    topLeft: {r: 1, g: 1, b: 1, a: 1}
    topRight: {r: 1, g: 1, b: 1, a: 1}
    bottomLeft: {r: 1, g: 1, b: 1, a: 1}
    bottomRight: {r: 1, g: 1, b: 1, a: 1}
  m_fontColorGradientPreset: {fileID: 0}
  m_spriteAsset: {fileID: 0}
  m_tintAllSprites: 0
  m_StyleSheet: {fileID: 0}
  m_TextStyleHashCode: -1183493901
  m_overrideHtmlColors: 0
  m_faceColor:
    serializedVersion: 2
    rgba: 4294967295
  m_fontSize: 30
  m_fontSizeBase: 30
  m_fontWeight: 400
  m_enableAutoSizing: 0
  m_fontSizeMin: 18
  m_fontSizeMax: 72
  m_fontStyle: 0
  m_HorizontalAlignment: 2
  m_VerticalAlignment: 512
  m_textAlignment: 65535
  m_characterSpacing: 0
  m_wordSpacing: 0
  m_lineSpacing: 0
  m_lineSpacingMax: 0
  m_paragraphSpacing: 0
  m_charWidthMaxAdj: 0
  m_enableWordWrapping: 1
  m_wordWrappingRatios: 0.4
  m_overflowMode: 0
  m_linkedTextComponent: {fileID: 0}
  parentLinkedComponent: {fileID: 0}
  m_enableKerning: 1
  m_enableExtraPadding: 0
  checkPaddingRequired: 0
  m_isRichText: 1
  m_parseCtrlCharacters: 1
  m_isOrthographic: 1
  m_isCullingEnabled: 0
  m_horizontalMapping: 0
  m_verticalMapping: 0
  m_uvLineOffset: 0
  m_geometrySortingOrder: 0
  m_IsTextObjectScaleStatic: 0
  m_VertexBufferAutoSizeReduction: 0
  m_useMaxVisibleDescender: 1
  m_pageToDisplay: 1
  m_margin: {x: 0, y: 0, z: 0, w: 0}
  m_isUsingLegacyAnimationComponent: 0
  m_isVolumetricText: 0
  m_hasFontAssetChanged: 0
  m_baseMaterial: {fileID: 0}
  m_maskOffset: {x: 0, y: 0, z: 0, w: 0}
--- !u!1 &2143869199187021821
GameObject:
  m_ObjectHideFlags: 0
  m_CorrespondingSourceObject: {fileID: 0}
  m_PrefabInstance: {fileID: 0}
  m_PrefabAsset: {fileID: 0}
  serializedVersion: 6
  m_Component:
  - component: {fileID: 2143869199187021823}
  - component: {fileID: 7498600406388857746}
  - component: {fileID: 2143869199187021822}
  m_Layer: 8
  m_Name: VoteSkip (Monochrome)
  m_TagString: Untagged
  m_Icon: {fileID: 0}
  m_NavMeshLayer: 0
  m_StaticEditorFlags: 0
  m_IsActive: 1
--- !u!4 &2143869199187021823
Transform:
  m_ObjectHideFlags: 0
  m_CorrespondingSourceObject: {fileID: 0}
  m_PrefabInstance: {fileID: 0}
  m_PrefabAsset: {fileID: 0}
  m_GameObject: {fileID: 2143869199187021821}
  serializedVersion: 2
  m_LocalRotation: {x: 0, y: 0, z: 0, w: 1}
  m_LocalPosition: {x: 1.1344259, y: 0, z: -0.040133476}
  m_LocalScale: {x: 1, y: 1, z: 1}
  m_ConstrainProportionsScale: 0
  m_Children:
  - {fileID: 2143869200432436604}
  m_Father: {fileID: 0}
  m_LocalEulerAnglesHint: {x: 0, y: 0, z: 0}
--- !u!114 &7498600406388857746
MonoBehaviour:
  m_ObjectHideFlags: 0
  m_CorrespondingSourceObject: {fileID: 0}
  m_PrefabInstance: {fileID: 0}
  m_PrefabAsset: {fileID: 0}
  m_GameObject: {fileID: 2143869199187021821}
  m_Enabled: 1
  m_EditorHideFlags: 0
  m_Script: {fileID: 11500000, guid: 404303a2d66b297408740b21f2cf8303, type: 3}
  m_Name: 
  m_EditorClassIdentifier: 
  serializationData:
    SerializedFormat: 2
    SerializedBytes: 
    ReferencedUnityObjects: []
    SerializedBytesString: 
    Prefab: {fileID: 0}
    PrefabModificationsReferencedUnityObjects: []
    PrefabModifications: []
    SerializationNodes: []
  _udonSharpBackingUdonBehaviour: {fileID: 2143869199187021822}
  _maxLogLevel: 4
  _logger: {fileID: 0}
  LogLevelOverride: 0
  tv: {fileID: 0}
  defaultVoteRatio: 0.33
  voteRatioAdjustement: {fileID: 2143869200642213116}
  voteAction: {fileID: 2143869199717780194}
  display: {fileID: 0}
  zone: {fileID: 0}
  debugInDisplay: 0
--- !u!114 &2143869199187021822
MonoBehaviour:
  m_ObjectHideFlags: 0
  m_CorrespondingSourceObject: {fileID: 0}
  m_PrefabInstance: {fileID: 0}
  m_PrefabAsset: {fileID: 0}
  m_GameObject: {fileID: 2143869199187021821}
  m_Enabled: 1
  m_EditorHideFlags: 0
  m_Script: {fileID: 11500000, guid: 45115577ef41a5b4ca741ed302693907, type: 3}
  m_Name: 
  m_EditorClassIdentifier: 
  interactTextPlacement: {fileID: 0}
  interactText: Use
  interactTextGO: {fileID: 0}
  proximity: 2
  SynchronizePosition: 0
  AllowCollisionOwnershipTransfer: 0
  Reliable: 1
  _syncMethod: 3
  serializedProgramAsset: {fileID: 11400000, guid: 977de0882ecf6bd4a852c551a226d35b,
    type: 2}
  programSource: {fileID: 11400000, guid: 8b36cdff0d6adbf478c0d6fcae5615dc, type: 2}
  serializedPublicVariablesBytesString: Ai8AAAAAATIAAABWAFIAQwAuAFUAZABvAG4ALgBDAG8AbQBtAG8AbgAuAFUAZABvAG4AVgBhAHIAaQBhAGIAbABlAFQAYQBiAGwAZQAsACAAVgBSAEMALgBVAGQAbwBuAC4AQwBvAG0AbQBvAG4AAAAAAAYBAAAAAAAAACcBBAAAAHQAeQBwAGUAAWgAAABTAHkAcwB0AGUAbQAuAEMAbwBsAGwAZQBjAHQAaQBvAG4AcwAuAEcAZQBuAGUAcgBpAGMALgBMAGkAcwB0AGAAMQBbAFsAVgBSAEMALgBVAGQAbwBuAC4AQwBvAG0AbQBvAG4ALgBJAG4AdABlAHIAZgBhAGMAZQBzAC4ASQBVAGQAbwBuAFYAYQByAGkAYQBiAGwAZQAsACAAVgBSAEMALgBVAGQAbwBuAC4AQwBvAG0AbQBvAG4AXQBdACwAIABtAHMAYwBvAHIAbABpAGIAAQEJAAAAVgBhAHIAaQBhAGIAbABlAHMALwEAAAABaAAAAFMAeQBzAHQAZQBtAC4AQwBvAGwAbABlAGMAdABpAG8AbgBzAC4ARwBlAG4AZQByAGkAYwAuAEwAaQBzAHQAYAAxAFsAWwBWAFIAQwAuAFUAZABvAG4ALgBDAG8AbQBtAG8AbgAuAEkAbgB0AGUAcgBmAGEAYwBlAHMALgBJAFUAZABvAG4AVgBhAHIAaQBhAGIAbABlACwAIABWAFIAQwAuAFUAZABvAG4ALgBDAG8AbQBtAG8AbgBdAF0ALAAgAG0AcwBjAG8AcgBsAGkAYgABAAAABgkAAAAAAAAAAi8CAAAAAUoAAABWAFIAQwAuAFUAZABvAG4ALgBDAG8AbQBtAG8AbgAuAFUAZABvAG4AVgBhAHIAaQBhAGIAbABlAGAAMQBbAFsAUwB5AHMAdABlAG0ALgBTAGkAbgBnAGwAZQAsACAAbQBzAGMAbwByAGwAaQBiAF0AXQAsACAAVgBSAEMALgBVAGQAbwBuAC4AQwBvAG0AbQBvAG4AAgAAAAYCAAAAAAAAACcBBAAAAHQAeQBwAGUAARcAAABTAHkAcwB0AGUAbQAuAFMAdAByAGkAbgBnACwAIABtAHMAYwBvAHIAbABpAGIAJwEKAAAAUwB5AG0AYgBvAGwATgBhAG0AZQABEAAAAGQAZQBmAGEAdQBsAHQAVgBvAHQAZQBSAGEAdABpAG8AJwEEAAAAdAB5AHAAZQABFwAAAFMAeQBzAHQAZQBtAC4AUwBpAG4AZwBsAGUALAAgAG0AcwBjAG8AcgBsAGkAYgAfAQUAAABWAGEAbAB1AGUAw/WoPgcFAi8DAAAAAVgAAABWAFIAQwAuAFUAZABvAG4ALgBDAG8AbQBtAG8AbgAuAFUAZABvAG4AVgBhAHIAaQBhAGIAbABlAGAAMQBbAFsAVQBuAGkAdAB5AEUAbgBnAGkAbgBlAC4AVQBJAC4AUwBsAGkAZABlAHIALAAgAFUAbgBpAHQAeQBFAG4AZwBpAG4AZQAuAFUASQBdAF0ALAAgAFYAUgBDAC4AVQBkAG8AbgAuAEMAbwBtAG0AbwBuAAMAAAAGAgAAAAAAAAAnAQQAAAB0AHkAcABlAAEXAAAAUwB5AHMAdABlAG0ALgBTAHQAcgBpAG4AZwAsACAAbQBzAGMAbwByAGwAaQBiACcBCgAAAFMAeQBtAGIAbwBsAE4AYQBtAGUAARQAAAB2AG8AdABlAFIAYQB0AGkAbwBBAGQAagB1AHMAdABlAG0AZQBuAHQAJwEEAAAAdAB5AHAAZQABJQAAAFUAbgBpAHQAeQBFAG4AZwBpAG4AZQAuAFUASQAuAFMAbABpAGQAZQByACwAIABVAG4AaQB0AHkARQBuAGcAaQBuAGUALgBVAEkACwEFAAAAVgBhAGwAdQBlAAAAAAAHBQIvBAAAAAFWAAAAVgBSAEMALgBVAGQAbwBuAC4AQwBvAG0AbQBvAG4ALgBVAGQAbwBuAFYAYQByAGkAYQBiAGwAZQBgADEAWwBbAFUAbgBpAHQAeQBFAG4AZwBpAG4AZQAuAFUASQAuAFQAZQB4AHQALAAgAFUAbgBpAHQAeQBFAG4AZwBpAG4AZQAuAFUASQBdAF0ALAAgAFYAUgBDAC4AVQBkAG8AbgAuAEMAbwBtAG0AbwBuAAQAAAAGAgAAAAAAAAAnAQQAAAB0AHkAcABlAAEXAAAAUwB5AHMAdABlAG0ALgBTAHQAcgBpAG4AZwAsACAAbQBzAGMAbwByAGwAaQBiACcBCgAAAFMAeQBtAGIAbwBsAE4AYQBtAGUAAQcAAABkAGkAcwBwAGwAYQB5ACcBBAAAAHQAeQBwAGUAARcAAABTAHkAcwB0AGUAbQAuAE8AYgBqAGUAYwB0ACwAIABtAHMAYwBvAHIAbABpAGIALQEFAAAAVgBhAGwAdQBlAAcFAi8FAAAAAUsAAABWAFIAQwAuAFUAZABvAG4ALgBDAG8AbQBtAG8AbgAuAFUAZABvAG4AVgBhAHIAaQBhAGIAbABlAGAAMQBbAFsAUwB5AHMAdABlAG0ALgBCAG8AbwBsAGUAYQBuACwAIABtAHMAYwBvAHIAbABpAGIAXQBdACwAIABWAFIAQwAuAFUAZABvAG4ALgBDAG8AbQBtAG8AbgAFAAAABgIAAAAAAAAAJwEEAAAAdAB5AHAAZQABFwAAAFMAeQBzAHQAZQBtAC4AUwB0AHIAaQBuAGcALAAgAG0AcwBjAG8AcgBsAGkAYgAnAQoAAABTAHkAbQBiAG8AbABOAGEAbQBlAAEFAAAAZABlAGIAdQBnACcBBAAAAHQAeQBwAGUAARgAAABTAHkAcwB0AGUAbQAuAEIAbwBvAGwAZQBhAG4ALAAgAG0AcwBjAG8AcgBsAGkAYgArAQUAAABWAGEAbAB1AGUAAQcFAi8GAAAAAVgAAABWAFIAQwAuAFUAZABvAG4ALgBDAG8AbQBtAG8AbgAuAFUAZABvAG4AVgBhAHIAaQBhAGIAbABlAGAAMQBbAFsAVQBuAGkAdAB5AEUAbgBnAGkAbgBlAC4AVQBJAC4AQgB1AHQAdABvAG4ALAAgAFUAbgBpAHQAeQBFAG4AZwBpAG4AZQAuAFUASQBdAF0ALAAgAFYAUgBDAC4AVQBkAG8AbgAuAEMAbwBtAG0AbwBuAAYAAAAGAgAAAAAAAAAnAQQAAAB0AHkAcABlAAEXAAAAUwB5AHMAdABlAG0ALgBTAHQAcgBpAG4AZwAsACAAbQBzAGMAbwByAGwAaQBiACcBCgAAAFMAeQBtAGIAbwBsAE4AYQBtAGUAAQQAAABzAGsAaQBwACcBBAAAAHQAeQBwAGUAARcAAABTAHkAcwB0AGUAbQAuAE8AYgBqAGUAYwB0ACwAIABtAHMAYwBvAHIAbABpAGIALQEFAAAAVgBhAGwAdQBlAAcFAjAGAAAABwAAAAYCAAAAAAAAACcBBAAAAHQAeQBwAGUAARcAAABTAHkAcwB0AGUAbQAuAFMAdAByAGkAbgBnACwAIABtAHMAYwBvAHIAbABpAGIAJwEKAAAAUwB5AG0AYgBvAGwATgBhAG0AZQABBgAAAHUAbgBTAGsAaQBwACcBBAAAAHQAeQBwAGUAARcAAABTAHkAcwB0AGUAbQAuAE8AYgBqAGUAYwB0ACwAIABtAHMAYwBvAHIAbABpAGIALQEFAAAAVgBhAGwAdQBlAAcFAjAFAAAACAAAAAYCAAAAAAAAACcBBAAAAHQAeQBwAGUAARcAAABTAHkAcwB0AGUAbQAuAFMAdAByAGkAbgBnACwAIABtAHMAYwBvAHIAbABpAGIAJwEKAAAAUwB5AG0AYgBvAGwATgBhAG0AZQABDgAAAGQAZQBiAHUAZwBJAG4ARABpAHMAcABsAGEAeQAnAQQAAAB0AHkAcABlAAEYAAAAUwB5AHMAdABlAG0ALgBCAG8AbwBsAGUAYQBuACwAIABtAHMAYwBvAHIAbABpAGIAKwEFAAAAVgBhAGwAdQBlAAAHBQIvBwAAAAFJAAAAVgBSAEMALgBVAGQAbwBuAC4AQwBvAG0AbQBvAG4ALgBVAGQAbwBuAFYAYQByAGkAYQBiAGwAZQBgADEAWwBbAFMAeQBzAHQAZQBtAC4ASQBuAHQAMwAyACwAIABtAHMAYwBvAHIAbABpAGIAXQBdACwAIABWAFIAQwAuAFUAZABvAG4ALgBDAG8AbQBtAG8AbgAJAAAABgIAAAAAAAAAJwEEAAAAdAB5AHAAZQABFwAAAFMAeQBzAHQAZQBtAC4AUwB0AHIAaQBuAGcALAAgAG0AcwBjAG8AcgBsAGkAYgAnAQoAAABTAHkAbQBiAG8AbABOAGEAbQBlAAEfAAAAXwBfAF8AVQBkAG8AbgBTAGgAYQByAHAAQgBlAGgAYQB2AGkAbwB1AHIAVgBlAHIAcwBpAG8AbgBfAF8AXwAnAQQAAAB0AHkAcABlAAEWAAAAUwB5AHMAdABlAG0ALgBJAG4AdAAzADIALAAgAG0AcwBjAG8AcgBsAGkAYgAXAQUAAABWAGEAbAB1AGUAAgAAAAcFAjAFAAAACgAAAAYCAAAAAAAAACcBBAAAAHQAeQBwAGUAARcAAABTAHkAcwB0AGUAbQAuAFMAdAByAGkAbgBnACwAIABtAHMAYwBvAHIAbABpAGIAJwEKAAAAUwB5AG0AYgBvAGwATgBhAG0AZQABLgAAAF8AXwBfAFUAZABvAG4AUwBoAGEAcgBwAEIAZQBoAGEAdgBpAG8AdQByAFAAZQByAHMAaQBzAHQARABhAHQAYQBGAHIAbwBtAFUAcABnAHIAYQBkAGUAXwBfAF8AJwEEAAAAdAB5AHAAZQABGAAAAFMAeQBzAHQAZQBtAC4AQgBvAG8AbABlAGEAbgAsACAAbQBzAGMAbwByAGwAaQBiACsBBQAAAFYAYQBsAHUAZQABBwUHBQcF
  publicVariablesUnityEngineObjects:
  - {fileID: 2143869200642213116}
  publicVariablesSerializationDataFormat: 0
--- !u!1 &2143869199219638163
GameObject:
  m_ObjectHideFlags: 0
  m_CorrespondingSourceObject: {fileID: 0}
  m_PrefabInstance: {fileID: 0}
  m_PrefabAsset: {fileID: 0}
  serializedVersion: 6
  m_Component:
  - component: {fileID: 2143869199219638164}
  - component: {fileID: 2143869199219638166}
  - component: {fileID: 2143869199219638165}
  m_Layer: 8
  m_Name: BG
  m_TagString: Untagged
  m_Icon: {fileID: 0}
  m_NavMeshLayer: 0
  m_StaticEditorFlags: 0
  m_IsActive: 1
--- !u!224 &2143869199219638164
RectTransform:
  m_ObjectHideFlags: 0
  m_CorrespondingSourceObject: {fileID: 0}
  m_PrefabInstance: {fileID: 0}
  m_PrefabAsset: {fileID: 0}
  m_GameObject: {fileID: 2143869199219638163}
  m_LocalRotation: {x: 0, y: 0, z: 0, w: 1}
  m_LocalPosition: {x: 0, y: 0, z: 0}
  m_LocalScale: {x: 1, y: 1, z: 1}
  m_ConstrainProportionsScale: 0
  m_Children: []
  m_Father: {fileID: 2143869200432436604}
  m_LocalEulerAnglesHint: {x: 0, y: 0, z: 0}
  m_AnchorMin: {x: 0, y: 0}
  m_AnchorMax: {x: 1, y: 1}
  m_AnchoredPosition: {x: 0, y: 0}
  m_SizeDelta: {x: 0, y: 0}
  m_Pivot: {x: 0.5, y: 0.5}
--- !u!222 &2143869199219638166
CanvasRenderer:
  m_ObjectHideFlags: 0
  m_CorrespondingSourceObject: {fileID: 0}
  m_PrefabInstance: {fileID: 0}
  m_PrefabAsset: {fileID: 0}
  m_GameObject: {fileID: 2143869199219638163}
  m_CullTransparentMesh: 0
--- !u!114 &2143869199219638165
MonoBehaviour:
  m_ObjectHideFlags: 0
  m_CorrespondingSourceObject: {fileID: 0}
  m_PrefabInstance: {fileID: 0}
  m_PrefabAsset: {fileID: 0}
  m_GameObject: {fileID: 2143869199219638163}
  m_Enabled: 1
  m_EditorHideFlags: 0
  m_Script: {fileID: 11500000, guid: fe87c0e1cc204ed48ad3b37840f39efc, type: 3}
  m_Name: 
  m_EditorClassIdentifier: 
  m_Material: {fileID: 2100000, guid: 2d4b915240258d24e9d5112b0cb13eab, type: 2}
  m_Color: {r: 0.1, g: 0.1, b: 0.1, a: 1}
  m_RaycastTarget: 1
  m_RaycastPadding: {x: 0, y: 0, z: 0, w: 0}
  m_Maskable: 1
  m_OnCullStateChanged:
    m_PersistentCalls:
      m_Calls: []
  m_Sprite: {fileID: 0}
  m_Type: 0
  m_PreserveAspect: 0
  m_FillCenter: 1
  m_FillMethod: 4
  m_FillAmount: 1
  m_FillClockwise: 1
  m_FillOrigin: 0
  m_UseSpriteMesh: 0
  m_PixelsPerUnitMultiplier: 1
--- !u!1 &2143869199597989232
GameObject:
  m_ObjectHideFlags: 0
  m_CorrespondingSourceObject: {fileID: 0}
  m_PrefabInstance: {fileID: 0}
  m_PrefabAsset: {fileID: 0}
  serializedVersion: 6
  m_Component:
  - component: {fileID: 2143869199597989233}
  - component: {fileID: 2143869199597989234}
  - component: {fileID: 2143869199597989235}
  m_Layer: 8
  m_Name: Handle
  m_TagString: Untagged
  m_Icon: {fileID: 0}
  m_NavMeshLayer: 0
  m_StaticEditorFlags: 0
  m_IsActive: 1
--- !u!224 &2143869199597989233
RectTransform:
  m_ObjectHideFlags: 0
  m_CorrespondingSourceObject: {fileID: 0}
  m_PrefabInstance: {fileID: 0}
  m_PrefabAsset: {fileID: 0}
  m_GameObject: {fileID: 2143869199597989232}
  m_LocalRotation: {x: -0, y: -0, z: -0, w: 1}
  m_LocalPosition: {x: 0, y: 0, z: 0}
  m_LocalScale: {x: 1, y: 1, z: 1}
  m_ConstrainProportionsScale: 0
  m_Children: []
  m_Father: {fileID: 2143869199985026411}
  m_LocalEulerAnglesHint: {x: 0, y: 0, z: 0}
  m_AnchorMin: {x: 0, y: 0}
  m_AnchorMax: {x: 0, y: 0}
  m_AnchoredPosition: {x: 0, y: 0}
  m_SizeDelta: {x: 10, y: 0}
  m_Pivot: {x: 0.5, y: 0.5}
--- !u!222 &2143869199597989234
CanvasRenderer:
  m_ObjectHideFlags: 0
  m_CorrespondingSourceObject: {fileID: 0}
  m_PrefabInstance: {fileID: 0}
  m_PrefabAsset: {fileID: 0}
  m_GameObject: {fileID: 2143869199597989232}
  m_CullTransparentMesh: 0
--- !u!114 &2143869199597989235
MonoBehaviour:
  m_ObjectHideFlags: 0
  m_CorrespondingSourceObject: {fileID: 0}
  m_PrefabInstance: {fileID: 0}
  m_PrefabAsset: {fileID: 0}
  m_GameObject: {fileID: 2143869199597989232}
  m_Enabled: 1
  m_EditorHideFlags: 0
  m_Script: {fileID: 11500000, guid: fe87c0e1cc204ed48ad3b37840f39efc, type: 3}
  m_Name: 
  m_EditorClassIdentifier: 
  m_Material: {fileID: 2100000, guid: 2d4b915240258d24e9d5112b0cb13eab, type: 2}
  m_Color: {r: 0.3, g: 0.3, b: 0.3, a: 1}
  m_RaycastTarget: 1
  m_RaycastPadding: {x: 0, y: 0, z: 0, w: 0}
  m_Maskable: 1
  m_OnCullStateChanged:
    m_PersistentCalls:
      m_Calls: []
  m_Sprite: {fileID: 10913, guid: 0000000000000000f000000000000000, type: 0}
  m_Type: 0
  m_PreserveAspect: 0
  m_FillCenter: 1
  m_FillMethod: 4
  m_FillAmount: 1
  m_FillClockwise: 1
  m_FillOrigin: 0
  m_UseSpriteMesh: 0
  m_PixelsPerUnitMultiplier: 1
--- !u!1 &2143869199717780192
GameObject:
  m_ObjectHideFlags: 0
  m_CorrespondingSourceObject: {fileID: 0}
  m_PrefabInstance: {fileID: 0}
  m_PrefabAsset: {fileID: 0}
  serializedVersion: 6
  m_Component:
  - component: {fileID: 2143869199717780193}
  - component: {fileID: 2143869199717780196}
  - component: {fileID: 2143869199717780195}
  - component: {fileID: 2143869199717780194}
  m_Layer: 8
  m_Name: VoteAction
  m_TagString: Untagged
  m_Icon: {fileID: 0}
  m_NavMeshLayer: 0
  m_StaticEditorFlags: 0
  m_IsActive: 1
--- !u!224 &2143869199717780193
RectTransform:
  m_ObjectHideFlags: 0
  m_CorrespondingSourceObject: {fileID: 0}
  m_PrefabInstance: {fileID: 0}
  m_PrefabAsset: {fileID: 0}
  m_GameObject: {fileID: 2143869199717780192}
  m_LocalRotation: {x: -0, y: -0, z: -0, w: 1}
  m_LocalPosition: {x: 0, y: 0, z: 0}
  m_LocalScale: {x: 1, y: 1, z: 1}
  m_ConstrainProportionsScale: 0
  m_Children:
  - {fileID: 2143869199109159571}
  m_Father: {fileID: 2143869200432436604}
  m_LocalEulerAnglesHint: {x: 0, y: 0, z: 0}
  m_AnchorMin: {x: 0, y: 0}
  m_AnchorMax: {x: 1, y: 1}
  m_AnchoredPosition: {x: -20, y: 5}
  m_SizeDelta: {x: -40, y: -50}
  m_Pivot: {x: 1, y: 0.5}
--- !u!222 &2143869199717780196
CanvasRenderer:
  m_ObjectHideFlags: 0
  m_CorrespondingSourceObject: {fileID: 0}
  m_PrefabInstance: {fileID: 0}
  m_PrefabAsset: {fileID: 0}
  m_GameObject: {fileID: 2143869199717780192}
  m_CullTransparentMesh: 0
--- !u!114 &2143869199717780195
MonoBehaviour:
  m_ObjectHideFlags: 0
  m_CorrespondingSourceObject: {fileID: 0}
  m_PrefabInstance: {fileID: 0}
  m_PrefabAsset: {fileID: 0}
  m_GameObject: {fileID: 2143869199717780192}
  m_Enabled: 1
  m_EditorHideFlags: 0
  m_Script: {fileID: 11500000, guid: fe87c0e1cc204ed48ad3b37840f39efc, type: 3}
  m_Name: 
  m_EditorClassIdentifier: 
  m_Material: {fileID: 2100000, guid: 2d4b915240258d24e9d5112b0cb13eab, type: 2}
  m_Color: {r: 0.2, g: 0.2, b: 0.2, a: 1}
  m_RaycastTarget: 1
  m_RaycastPadding: {x: 0, y: 0, z: 0, w: 0}
  m_Maskable: 1
  m_OnCullStateChanged:
    m_PersistentCalls:
      m_Calls: []
  m_Sprite: {fileID: 10905, guid: 0000000000000000f000000000000000, type: 0}
  m_Type: 1
  m_PreserveAspect: 0
  m_FillCenter: 1
  m_FillMethod: 4
  m_FillAmount: 1
  m_FillClockwise: 1
  m_FillOrigin: 0
  m_UseSpriteMesh: 0
  m_PixelsPerUnitMultiplier: 1
--- !u!114 &2143869199717780194
MonoBehaviour:
  m_ObjectHideFlags: 0
  m_CorrespondingSourceObject: {fileID: 0}
  m_PrefabInstance: {fileID: 0}
  m_PrefabAsset: {fileID: 0}
  m_GameObject: {fileID: 2143869199717780192}
  m_Enabled: 1
  m_EditorHideFlags: 0
  m_Script: {fileID: 11500000, guid: 4e29b1a8efbd4b44bb3f3716e73f07ff, type: 3}
  m_Name: 
  m_EditorClassIdentifier: 
  m_Navigation:
    m_Mode: 0
    m_WrapAround: 0
    m_SelectOnUp: {fileID: 0}
    m_SelectOnDown: {fileID: 0}
    m_SelectOnLeft: {fileID: 0}
    m_SelectOnRight: {fileID: 0}
  m_Transition: 0
  m_Colors:
    m_NormalColor: {r: 1, g: 1, b: 1, a: 1}
    m_HighlightedColor: {r: 0.9607843, g: 0.9607843, b: 0.9607843, a: 1}
    m_PressedColor: {r: 0.78431374, g: 0.78431374, b: 0.78431374, a: 1}
    m_SelectedColor: {r: 0.9607843, g: 0.9607843, b: 0.9607843, a: 1}
    m_DisabledColor: {r: 0.78431374, g: 0.78431374, b: 0.78431374, a: 0.5019608}
    m_ColorMultiplier: 1
    m_FadeDuration: 0.1
  m_SpriteState:
    m_HighlightedSprite: {fileID: 0}
    m_PressedSprite: {fileID: 0}
    m_SelectedSprite: {fileID: 0}
    m_DisabledSprite: {fileID: 0}
  m_AnimationTriggers:
    m_NormalTrigger: Normal
    m_HighlightedTrigger: Highlighted
    m_PressedTrigger: Pressed
    m_SelectedTrigger: Selected
    m_DisabledTrigger: Disabled
  m_Interactable: 1
  m_TargetGraphic: {fileID: 2143869199717780195}
  m_OnClick:
    m_PersistentCalls:
      m_Calls:
      - m_Target: {fileID: 2143869199187021822}
        m_TargetAssemblyTypeName: 
        m_MethodName: SendCustomEvent
        m_Mode: 5
        m_Arguments:
          m_ObjectArgument: {fileID: 0}
          m_ObjectArgumentAssemblyTypeName: UnityEngine.Object, UnityEngine
          m_IntArgument: 0
          m_FloatArgument: 0
          m_StringArgument: _Vote
          m_BoolArgument: 0
        m_CallState: 2
--- !u!1 &2143869199985026410
GameObject:
  m_ObjectHideFlags: 0
  m_CorrespondingSourceObject: {fileID: 0}
  m_PrefabInstance: {fileID: 0}
  m_PrefabAsset: {fileID: 0}
  serializedVersion: 6
  m_Component:
  - component: {fileID: 2143869199985026411}
  m_Layer: 8
  m_Name: Handle Slide Area
  m_TagString: Untagged
  m_Icon: {fileID: 0}
  m_NavMeshLayer: 0
  m_StaticEditorFlags: 0
  m_IsActive: 1
--- !u!224 &2143869199985026411
RectTransform:
  m_ObjectHideFlags: 0
  m_CorrespondingSourceObject: {fileID: 0}
  m_PrefabInstance: {fileID: 0}
  m_PrefabAsset: {fileID: 0}
  m_GameObject: {fileID: 2143869199985026410}
  m_LocalRotation: {x: -0, y: -0, z: -0, w: 1}
  m_LocalPosition: {x: 0, y: 0, z: 0}
  m_LocalScale: {x: 1, y: 1, z: 1}
  m_ConstrainProportionsScale: 0
  m_Children:
  - {fileID: 2143869199597989233}
  m_Father: {fileID: 2143869200642213117}
  m_LocalEulerAnglesHint: {x: 0, y: 0, z: 0}
  m_AnchorMin: {x: 0, y: 0.5}
  m_AnchorMax: {x: 1, y: 0.5}
  m_AnchoredPosition: {x: 0, y: 0}
  m_SizeDelta: {x: -10, y: 10}
  m_Pivot: {x: 0.5, y: 0.5}
--- !u!1 &2143869200165120649
GameObject:
  m_ObjectHideFlags: 0
  m_CorrespondingSourceObject: {fileID: 0}
  m_PrefabInstance: {fileID: 0}
  m_PrefabAsset: {fileID: 0}
  serializedVersion: 6
  m_Component:
  - component: {fileID: 2143869200165120650}
  m_Layer: 8
  m_Name: Fill Area
  m_TagString: Untagged
  m_Icon: {fileID: 0}
  m_NavMeshLayer: 0
  m_StaticEditorFlags: 0
  m_IsActive: 1
--- !u!224 &2143869200165120650
RectTransform:
  m_ObjectHideFlags: 0
  m_CorrespondingSourceObject: {fileID: 0}
  m_PrefabInstance: {fileID: 0}
  m_PrefabAsset: {fileID: 0}
  m_GameObject: {fileID: 2143869200165120649}
  m_LocalRotation: {x: -0, y: -0, z: -0, w: 1}
  m_LocalPosition: {x: 0, y: 0, z: 0}
  m_LocalScale: {x: 1, y: 1, z: 1}
  m_ConstrainProportionsScale: 0
  m_Children:
  - {fileID: 2143869200857500605}
  m_Father: {fileID: 2143869200642213117}
  m_LocalEulerAnglesHint: {x: 0, y: 0, z: 0}
  m_AnchorMin: {x: 0, y: 0.5}
  m_AnchorMax: {x: 1, y: 0.5}
  m_AnchoredPosition: {x: 0, y: 0}
  m_SizeDelta: {x: -10, y: 5}
  m_Pivot: {x: 0.5, y: 0.5}
--- !u!1 &2143869200392959679
GameObject:
  m_ObjectHideFlags: 0
  m_CorrespondingSourceObject: {fileID: 0}
  m_PrefabInstance: {fileID: 0}
  m_PrefabAsset: {fileID: 0}
  serializedVersion: 6
  m_Component:
  - component: {fileID: 2143869200392959664}
  - component: {fileID: 2143869200392959666}
  - component: {fileID: 2143869200392959665}
  m_Layer: 8
  m_Name: Background
  m_TagString: Untagged
  m_Icon: {fileID: 0}
  m_NavMeshLayer: 0
  m_StaticEditorFlags: 0
  m_IsActive: 1
--- !u!224 &2143869200392959664
RectTransform:
  m_ObjectHideFlags: 0
  m_CorrespondingSourceObject: {fileID: 0}
  m_PrefabInstance: {fileID: 0}
  m_PrefabAsset: {fileID: 0}
  m_GameObject: {fileID: 2143869200392959679}
  m_LocalRotation: {x: -0, y: -0, z: -0, w: 1}
  m_LocalPosition: {x: 0, y: 0, z: 0}
  m_LocalScale: {x: 1, y: 1, z: 1}
  m_ConstrainProportionsScale: 0
  m_Children: []
  m_Father: {fileID: 2143869200642213117}
  m_LocalEulerAnglesHint: {x: 0, y: 0, z: 0}
  m_AnchorMin: {x: 0, y: 0.25}
  m_AnchorMax: {x: 1, y: 0.75}
  m_AnchoredPosition: {x: 0, y: 0}
  m_SizeDelta: {x: -10, y: 0}
  m_Pivot: {x: 0.5, y: 0.5}
--- !u!222 &2143869200392959666
CanvasRenderer:
  m_ObjectHideFlags: 0
  m_CorrespondingSourceObject: {fileID: 0}
  m_PrefabInstance: {fileID: 0}
  m_PrefabAsset: {fileID: 0}
  m_GameObject: {fileID: 2143869200392959679}
  m_CullTransparentMesh: 0
--- !u!114 &2143869200392959665
MonoBehaviour:
  m_ObjectHideFlags: 0
  m_CorrespondingSourceObject: {fileID: 0}
  m_PrefabInstance: {fileID: 0}
  m_PrefabAsset: {fileID: 0}
  m_GameObject: {fileID: 2143869200392959679}
  m_Enabled: 1
  m_EditorHideFlags: 0
  m_Script: {fileID: 11500000, guid: fe87c0e1cc204ed48ad3b37840f39efc, type: 3}
  m_Name: 
  m_EditorClassIdentifier: 
  m_Material: {fileID: 2100000, guid: 2d4b915240258d24e9d5112b0cb13eab, type: 2}
  m_Color: {r: 0.2, g: 0.2, b: 0.2, a: 1}
  m_RaycastTarget: 1
  m_RaycastPadding: {x: 0, y: 0, z: 0, w: 0}
  m_Maskable: 1
  m_OnCullStateChanged:
    m_PersistentCalls:
      m_Calls: []
  m_Sprite: {fileID: 0}
  m_Type: 1
  m_PreserveAspect: 0
  m_FillCenter: 1
  m_FillMethod: 4
  m_FillAmount: 1
  m_FillClockwise: 1
  m_FillOrigin: 0
  m_UseSpriteMesh: 0
  m_PixelsPerUnitMultiplier: 1
--- !u!1 &2143869200432436485
GameObject:
  m_ObjectHideFlags: 0
  m_CorrespondingSourceObject: {fileID: 0}
  m_PrefabInstance: {fileID: 0}
  m_PrefabAsset: {fileID: 0}
  serializedVersion: 6
  m_Component:
  - component: {fileID: 2143869200432436604}
  - component: {fileID: 2143869200432436602}
  - component: {fileID: 2143869200432436601}
  - component: {fileID: 2143869200432436600}
  - component: {fileID: 2143869200432436487}
  m_Layer: 8
  m_Name: UI
  m_TagString: Untagged
  m_Icon: {fileID: 0}
  m_NavMeshLayer: 0
  m_StaticEditorFlags: 0
  m_IsActive: 1
--- !u!224 &2143869200432436604
RectTransform:
  m_ObjectHideFlags: 0
  m_CorrespondingSourceObject: {fileID: 0}
  m_PrefabInstance: {fileID: 0}
  m_PrefabAsset: {fileID: 0}
  m_GameObject: {fileID: 2143869200432436485}
  m_LocalRotation: {x: -0, y: -0, z: -0, w: 1}
  m_LocalPosition: {x: 0, y: 0, z: 0}
  m_LocalScale: {x: 0.003, y: 0.003, z: 0.001}
  m_ConstrainProportionsScale: 0
  m_Children:
  - {fileID: 2143869199219638164}
  - {fileID: 2143869199717780193}
  - {fileID: 2143869200642213117}
  m_Father: {fileID: 2143869199187021823}
  m_LocalEulerAnglesHint: {x: 0, y: 0, z: 0}
  m_AnchorMin: {x: 0.5, y: 0.5}
  m_AnchorMax: {x: 0.5, y: 0.5}
  m_AnchoredPosition: {x: 0, y: 0}
  m_SizeDelta: {x: 250, y: 100}
  m_Pivot: {x: 0.5, y: 0.5}
--- !u!223 &2143869200432436602
Canvas:
  m_ObjectHideFlags: 0
  m_CorrespondingSourceObject: {fileID: 0}
  m_PrefabInstance: {fileID: 0}
  m_PrefabAsset: {fileID: 0}
  m_GameObject: {fileID: 2143869200432436485}
  m_Enabled: 1
  serializedVersion: 3
  m_RenderMode: 2
  m_Camera: {fileID: 0}
  m_PlaneDistance: 100
  m_PixelPerfect: 0
  m_ReceivesEvents: 1
  m_OverrideSorting: 0
  m_OverridePixelPerfect: 0
  m_SortingBucketNormalizedSize: 0
  m_VertexColorAlwaysGammaSpace: 0
  m_AdditionalShaderChannelsFlag: 25
  m_UpdateRectTransformForStandalone: 0
  m_SortingLayerID: 0
  m_SortingOrder: 0
  m_TargetDisplay: 0
--- !u!114 &2143869200432436601
MonoBehaviour:
  m_ObjectHideFlags: 0
  m_CorrespondingSourceObject: {fileID: 0}
  m_PrefabInstance: {fileID: 0}
  m_PrefabAsset: {fileID: 0}
  m_GameObject: {fileID: 2143869200432436485}
  m_Enabled: 1
  m_EditorHideFlags: 0
  m_Script: {fileID: 11500000, guid: 0cd44c1031e13a943bb63640046fad76, type: 3}
  m_Name: 
  m_EditorClassIdentifier: 
  m_UiScaleMode: 0
  m_ReferencePixelsPerUnit: 100
  m_ScaleFactor: 1
  m_ReferenceResolution: {x: 800, y: 600}
  m_ScreenMatchMode: 0
  m_MatchWidthOrHeight: 0
  m_PhysicalUnit: 3
  m_FallbackScreenDPI: 96
  m_DefaultSpriteDPI: 96
  m_DynamicPixelsPerUnit: 4
  m_PresetInfoIsWorld: 0
--- !u!114 &2143869200432436600
MonoBehaviour:
  m_ObjectHideFlags: 0
  m_CorrespondingSourceObject: {fileID: 0}
  m_PrefabInstance: {fileID: 0}
  m_PrefabAsset: {fileID: 0}
  m_GameObject: {fileID: 2143869200432436485}
  m_Enabled: 1
  m_EditorHideFlags: 0
  m_Script: {fileID: 11500000, guid: dc42784cf147c0c48a680349fa168899, type: 3}
  m_Name: 
  m_EditorClassIdentifier: 
  m_IgnoreReversedGraphics: 1
  m_BlockingObjects: 0
  m_BlockingMask:
    serializedVersion: 2
    m_Bits: 4294967295
--- !u!114 &2143869200432436487
MonoBehaviour:
  m_ObjectHideFlags: 0
  m_CorrespondingSourceObject: {fileID: 0}
  m_PrefabInstance: {fileID: 0}
  m_PrefabAsset: {fileID: 0}
  m_GameObject: {fileID: 2143869200432436485}
  m_Enabled: 1
  m_EditorHideFlags: 0
  m_Script: {fileID: -1533785930, guid: 661092b4961be7145bfbe56e1e62337b, type: 3}
  m_Name: 
  m_EditorClassIdentifier: 
--- !u!1 &2143869200642213115
GameObject:
  m_ObjectHideFlags: 0
  m_CorrespondingSourceObject: {fileID: 0}
  m_PrefabInstance: {fileID: 0}
  m_PrefabAsset: {fileID: 0}
  serializedVersion: 6
  m_Component:
  - component: {fileID: 2143869200642213117}
  - component: {fileID: 2143869200642213116}
  m_Layer: 8
  m_Name: RatioAdjustment
  m_TagString: Untagged
  m_Icon: {fileID: 0}
  m_NavMeshLayer: 0
  m_StaticEditorFlags: 0
  m_IsActive: 1
--- !u!224 &2143869200642213117
RectTransform:
  m_ObjectHideFlags: 0
  m_CorrespondingSourceObject: {fileID: 0}
  m_PrefabInstance: {fileID: 0}
  m_PrefabAsset: {fileID: 0}
  m_GameObject: {fileID: 2143869200642213115}
  m_LocalRotation: {x: 0, y: 0, z: 0, w: 1}
  m_LocalPosition: {x: 0, y: 0, z: 0}
  m_LocalScale: {x: 1, y: 1, z: 1}
  m_ConstrainProportionsScale: 0
  m_Children:
  - {fileID: 4711253457612164127}
  - {fileID: 2143869200392959664}
  - {fileID: 2143869200165120650}
  - {fileID: 2143869199985026411}
  m_Father: {fileID: 2143869200432436604}
  m_LocalEulerAnglesHint: {x: 0, y: 0, z: 0}
  m_AnchorMin: {x: 0, y: 0}
  m_AnchorMax: {x: 1, y: 0}
  m_AnchoredPosition: {x: 12.5, y: 10}
  m_SizeDelta: {x: -25, y: 10}
  m_Pivot: {x: 0.5, y: 1}
--- !u!114 &2143869200642213116
MonoBehaviour:
  m_ObjectHideFlags: 0
  m_CorrespondingSourceObject: {fileID: 0}
  m_PrefabInstance: {fileID: 0}
  m_PrefabAsset: {fileID: 0}
  m_GameObject: {fileID: 2143869200642213115}
  m_Enabled: 1
  m_EditorHideFlags: 0
  m_Script: {fileID: 11500000, guid: 67db9e8f0e2ae9c40bc1e2b64352a6b4, type: 3}
  m_Name: 
  m_EditorClassIdentifier: 
  m_Navigation:
    m_Mode: 0
    m_WrapAround: 0
    m_SelectOnUp: {fileID: 0}
    m_SelectOnDown: {fileID: 0}
    m_SelectOnLeft: {fileID: 0}
    m_SelectOnRight: {fileID: 0}
  m_Transition: 0
  m_Colors:
    m_NormalColor: {r: 1, g: 1, b: 1, a: 1}
    m_HighlightedColor: {r: 0.9607843, g: 0.9607843, b: 0.9607843, a: 1}
    m_PressedColor: {r: 0.78431374, g: 0.78431374, b: 0.78431374, a: 1}
    m_SelectedColor: {r: 0.9607843, g: 0.9607843, b: 0.9607843, a: 1}
    m_DisabledColor: {r: 0.78431374, g: 0.78431374, b: 0.78431374, a: 0.5019608}
    m_ColorMultiplier: 1
    m_FadeDuration: 0.1
  m_SpriteState:
    m_HighlightedSprite: {fileID: 0}
    m_PressedSprite: {fileID: 0}
    m_SelectedSprite: {fileID: 0}
    m_DisabledSprite: {fileID: 0}
  m_AnimationTriggers:
    m_NormalTrigger: Normal
    m_HighlightedTrigger: Highlighted
    m_PressedTrigger: Pressed
    m_SelectedTrigger: Selected
    m_DisabledTrigger: Disabled
  m_Interactable: 1
  m_TargetGraphic: {fileID: 2143869199597989235}
  m_FillRect: {fileID: 2143869200857500605}
  m_HandleRect: {fileID: 2143869199597989233}
  m_Direction: 0
  m_MinValue: 0.1
  m_MaxValue: 0.9
  m_WholeNumbers: 0
  m_Value: 0.5
  m_OnValueChanged:
    m_PersistentCalls:
      m_Calls:
      - m_Target: {fileID: 2143869199187021822}
        m_TargetAssemblyTypeName: VRC.Udon.UdonBehaviour, VRC.Udon
        m_MethodName: SendCustomEvent
        m_Mode: 5
        m_Arguments:
          m_ObjectArgument: {fileID: 0}
          m_ObjectArgumentAssemblyTypeName: UnityEngine.Object, UnityEngine
          m_IntArgument: 0
          m_FloatArgument: 0
          m_StringArgument: _UpdateRatio
          m_BoolArgument: 0
        m_CallState: 2
--- !u!1 &2143869200857500604
GameObject:
  m_ObjectHideFlags: 0
  m_CorrespondingSourceObject: {fileID: 0}
  m_PrefabInstance: {fileID: 0}
  m_PrefabAsset: {fileID: 0}
  serializedVersion: 6
  m_Component:
  - component: {fileID: 2143869200857500605}
  - component: {fileID: 2143869200857500607}
  - component: {fileID: 2143869200857500606}
  m_Layer: 8
  m_Name: Fill
  m_TagString: Untagged
  m_Icon: {fileID: 0}
  m_NavMeshLayer: 0
  m_StaticEditorFlags: 0
  m_IsActive: 1
--- !u!224 &2143869200857500605
RectTransform:
  m_ObjectHideFlags: 0
  m_CorrespondingSourceObject: {fileID: 0}
  m_PrefabInstance: {fileID: 0}
  m_PrefabAsset: {fileID: 0}
  m_GameObject: {fileID: 2143869200857500604}
  m_LocalRotation: {x: -0, y: -0, z: -0, w: 1}
  m_LocalPosition: {x: 0, y: 0, z: 0}
  m_LocalScale: {x: 1, y: 1, z: 1}
  m_ConstrainProportionsScale: 0
  m_Children: []
  m_Father: {fileID: 2143869200165120650}
  m_LocalEulerAnglesHint: {x: 0, y: 0, z: 0}
  m_AnchorMin: {x: 0, y: 0}
  m_AnchorMax: {x: 0, y: 0}
  m_AnchoredPosition: {x: 0, y: 0}
  m_SizeDelta: {x: 0, y: 0}
  m_Pivot: {x: 0.5, y: 0.5}
--- !u!222 &2143869200857500607
CanvasRenderer:
  m_ObjectHideFlags: 0
  m_CorrespondingSourceObject: {fileID: 0}
  m_PrefabInstance: {fileID: 0}
  m_PrefabAsset: {fileID: 0}
  m_GameObject: {fileID: 2143869200857500604}
  m_CullTransparentMesh: 0
--- !u!114 &2143869200857500606
MonoBehaviour:
  m_ObjectHideFlags: 0
  m_CorrespondingSourceObject: {fileID: 0}
  m_PrefabInstance: {fileID: 0}
  m_PrefabAsset: {fileID: 0}
  m_GameObject: {fileID: 2143869200857500604}
  m_Enabled: 1
  m_EditorHideFlags: 0
  m_Script: {fileID: 11500000, guid: fe87c0e1cc204ed48ad3b37840f39efc, type: 3}
  m_Name: 
  m_EditorClassIdentifier: 
  m_Material: {fileID: 2100000, guid: 2d4b915240258d24e9d5112b0cb13eab, type: 2}
  m_Color: {r: 0.4, g: 0.4, b: 0.4, a: 1}
  m_RaycastTarget: 1
  m_RaycastPadding: {x: 0, y: 0, z: 0, w: 0}
  m_Maskable: 1
  m_OnCullStateChanged:
    m_PersistentCalls:
      m_Calls: []
  m_Sprite: {fileID: 0}
  m_Type: 1
  m_PreserveAspect: 0
  m_FillCenter: 1
  m_FillMethod: 4
  m_FillAmount: 1
  m_FillClockwise: 1
  m_FillOrigin: 0
  m_UseSpriteMesh: 0
  m_PixelsPerUnitMultiplier: 1
--- !u!1 &4071854895628662853
GameObject:
  m_ObjectHideFlags: 0
  m_CorrespondingSourceObject: {fileID: 0}
  m_PrefabInstance: {fileID: 0}
  m_PrefabAsset: {fileID: 0}
  serializedVersion: 6
  m_Component:
  - component: {fileID: 4711253457612164127}
  - component: {fileID: 3352562799755185301}
  - component: {fileID: 3902055779386041451}
  m_Layer: 8
  m_Name: Label
  m_TagString: Untagged
  m_Icon: {fileID: 0}
  m_NavMeshLayer: 0
  m_StaticEditorFlags: 0
  m_IsActive: 1
--- !u!224 &4711253457612164127
RectTransform:
  m_ObjectHideFlags: 0
  m_CorrespondingSourceObject: {fileID: 0}
  m_PrefabInstance: {fileID: 0}
  m_PrefabAsset: {fileID: 0}
  m_GameObject: {fileID: 4071854895628662853}
  m_LocalRotation: {x: 0, y: 0, z: 0, w: 1}
  m_LocalPosition: {x: 0, y: 0, z: 0}
  m_LocalScale: {x: 1, y: 1, z: 1}
  m_ConstrainProportionsScale: 0
  m_Children: []
  m_Father: {fileID: 2143869200642213117}
  m_LocalEulerAnglesHint: {x: 0, y: 0, z: 0}
  m_AnchorMin: {x: 0, y: 0.5}
  m_AnchorMax: {x: 0, y: 0.5}
  m_AnchoredPosition: {x: 0, y: 0}
  m_SizeDelta: {x: 25, y: 10}
  m_Pivot: {x: 1, y: 0.5}
--- !u!222 &3352562799755185301
CanvasRenderer:
  m_ObjectHideFlags: 0
  m_CorrespondingSourceObject: {fileID: 0}
  m_PrefabInstance: {fileID: 0}
  m_PrefabAsset: {fileID: 0}
  m_GameObject: {fileID: 4071854895628662853}
  m_CullTransparentMesh: 0
--- !u!114 &3902055779386041451
MonoBehaviour:
  m_ObjectHideFlags: 0
  m_CorrespondingSourceObject: {fileID: 0}
  m_PrefabInstance: {fileID: 0}
  m_PrefabAsset: {fileID: 0}
  m_GameObject: {fileID: 4071854895628662853}
  m_Enabled: 1
  m_EditorHideFlags: 0
  m_Script: {fileID: 11500000, guid: 5f7201a12d95ffc409449d95f23cf332, type: 3}
  m_Name: 
  m_EditorClassIdentifier: 
  m_Material: {fileID: 2100000, guid: 2d4b915240258d24e9d5112b0cb13eab, type: 2}
  m_Color: {r: 0.9, g: 0.9, b: 0.9, a: 1}
  m_RaycastTarget: 1
  m_RaycastPadding: {x: 0, y: 0, z: 0, w: 0}
  m_Maskable: 1
  m_OnCullStateChanged:
    m_PersistentCalls:
      m_Calls: []
  m_FontData:
    m_Font: {fileID: 10102, guid: 0000000000000000e000000000000000, type: 0}
    m_FontSize: 6
    m_FontStyle: 0
    m_BestFit: 0
    m_MinSize: 6
    m_MaxSize: 40
    m_Alignment: 4
    m_AlignByGeometry: 0
    m_RichText: 1
    m_HorizontalOverflow: 0
    m_VerticalOverflow: 0
    m_LineSpacing: 1
  m_Text: Ratio
