%YAML 1.1
%TAG !u! tag:unity3d.com,2011:
--- !u!1 &540961889691047024
GameObject:
  m_ObjectHideFlags: 0
  m_CorrespondingSourceObject: {fileID: 0}
  m_PrefabInstance: {fileID: 0}
  m_PrefabAsset: {fileID: 0}
  serializedVersion: 6
  m_Component:
  - component: {fileID: 2858533468679548098}
  - component: {fileID: 7148072965263796991}
  - component: {fileID: 1740412842616736824}
  m_Layer: 8
  m_Name: AVProNonLL Stereo Center
  m_TagString: Untagged
  m_Icon: {fileID: 0}
  m_NavMeshLayer: 0
  m_StaticEditorFlags: 0
  m_IsActive: 1
--- !u!4 &2858533468679548098
Transform:
  m_ObjectHideFlags: 0
  m_CorrespondingSourceObject: {fileID: 0}
  m_PrefabInstance: {fileID: 0}
  m_PrefabAsset: {fileID: 0}
  m_GameObject: {fileID: 540961889691047024}
  serializedVersion: 2
  m_LocalRotation: {x: -0, y: -0, z: -0, w: 1}
  m_LocalPosition: {x: 0, y: 1, z: 0}
  m_LocalScale: {x: 1, y: 1, z: 1}
  m_ConstrainProportionsScale: 0
  m_Children: []
  m_Father: {fileID: 7784055857711364479}
  m_LocalEulerAnglesHint: {x: 0, y: 0, z: 0}
--- !u!114 &7148072965263796991
MonoBehaviour:
  m_ObjectHideFlags: 0
  m_CorrespondingSourceObject: {fileID: 0}
  m_PrefabInstance: {fileID: 0}
  m_PrefabAsset: {fileID: 0}
  m_GameObject: {fileID: 540961889691047024}
  m_Enabled: 1
  m_EditorHideFlags: 0
  m_Script: {fileID: 1361866905, guid: 661092b4961be7145bfbe56e1e62337b, type: 3}
  m_Name: 
  m_EditorClassIdentifier: 
  videoPlayer: {fileID: 4584319620574627920}
  mode: 3
--- !u!82 &1740412842616736824
AudioSource:
  m_ObjectHideFlags: 0
  m_CorrespondingSourceObject: {fileID: 0}
  m_PrefabInstance: {fileID: 0}
  m_PrefabAsset: {fileID: 0}
  m_GameObject: {fileID: 540961889691047024}
  m_Enabled: 1
  serializedVersion: 4
  OutputAudioMixerGroup: {fileID: 0}
  m_audioClip: {fileID: 0}
  m_PlayOnAwake: 1
  m_Volume: 1
  m_Pitch: 1
  Loop: 0
  Mute: 0
  Spatialize: 0
  SpatializePostEffects: 0
  Priority: 16
  DopplerLevel: 0
  MinDistance: 57.858875
  MaxDistance: 120.584694
  Pan2D: 0
  rolloffMode: 2
  BypassEffects: 0
  BypassListenerEffects: 0
  BypassReverbZones: 0
  rolloffCustomCurve:
    serializedVersion: 2
    m_Curve:
    - serializedVersion: 3
      time: 0
      value: 1
      inSlope: 0
      outSlope: 0
      tangentMode: 0
      weightedMode: 0
      inWeight: 0.33333334
      outWeight: 0.33333334
    - serializedVersion: 3
      time: 0.69646186
      value: 0.49618387
      inSlope: -2.0728443
      outSlope: -2.0728443
      tangentMode: 0
      weightedMode: 0
      inWeight: 0.041733496
      outWeight: 0.17920901
    - serializedVersion: 3
      time: 0.85173845
      value: 0.10109827
      inSlope: -1.4955534
      outSlope: -1.4955534
      tangentMode: 0
      weightedMode: 0
      inWeight: 0.56713176
      outWeight: 0.5719908
    - serializedVersion: 3
      time: 1
      value: 0
      inSlope: -0.27076796
      outSlope: -0.27076796
      tangentMode: 0
      weightedMode: 0
      inWeight: 0.56083983
      outWeight: 0.33333334
    m_PreInfinity: 2
    m_PostInfinity: 2
    m_RotationOrder: 4
  panLevelCustomCurve:
    serializedVersion: 2
    m_Curve:
    - serializedVersion: 3
      time: 0
      value: 0
      inSlope: 0
      outSlope: 0
      tangentMode: 0
      weightedMode: 0
      inWeight: 0.33333334
      outWeight: 0.33333334
    m_PreInfinity: 2
    m_PostInfinity: 2
    m_RotationOrder: 4
  spreadCustomCurve:
    serializedVersion: 2
    m_Curve:
    - serializedVersion: 3
      time: 0
      value: 1
      inSlope: 0
      outSlope: 0
      tangentMode: 0
      weightedMode: 0
      inWeight: 0.33333334
      outWeight: 0.33333334
    m_PreInfinity: 2
    m_PostInfinity: 2
    m_RotationOrder: 4
  reverbZoneMixCustomCurve:
    serializedVersion: 2
    m_Curve:
    - serializedVersion: 3
      time: 0
      value: 0.5
      inSlope: 0
      outSlope: 0
      tangentMode: 0
      weightedMode: 0
      inWeight: 0.33333334
      outWeight: 0.33333334
    m_PreInfinity: 2
    m_PostInfinity: 2
    m_RotationOrder: 4
--- !u!1 &1879676388288707015
GameObject:
  m_ObjectHideFlags: 0
  m_CorrespondingSourceObject: {fileID: 0}
  m_PrefabInstance: {fileID: 0}
  m_PrefabAsset: {fileID: 0}
  serializedVersion: 6
  m_Component:
  - component: {fileID: 8679137220886943078}
  - component: {fileID: 3498869678694761059}
  - component: {fileID: 4301685774008892242}
  - component: {fileID: 5464897394052894565}
  - component: {fileID: 231494769744269082}
  m_Layer: 0
  m_Name: UnityVideo
  m_TagString: Untagged
  m_Icon: {fileID: 0}
  m_NavMeshLayer: 0
  m_StaticEditorFlags: 0
  m_IsActive: 0
--- !u!4 &8679137220886943078
Transform:
  m_ObjectHideFlags: 0
  m_CorrespondingSourceObject: {fileID: 0}
  m_PrefabInstance: {fileID: 0}
  m_PrefabAsset: {fileID: 0}
  m_GameObject: {fileID: 1879676388288707015}
  serializedVersion: 2
  m_LocalRotation: {x: 0, y: 0, z: 0, w: 1}
  m_LocalPosition: {x: 0, y: 1, z: 0}
  m_LocalScale: {x: 1, y: 1, z: 1}
  m_ConstrainProportionsScale: 0
  m_Children: []
  m_Father: {fileID: 1306476264489883876}
  m_LocalEulerAnglesHint: {x: 0, y: 0, z: 0}
--- !u!114 &3498869678694761059
MonoBehaviour:
  m_ObjectHideFlags: 0
  m_CorrespondingSourceObject: {fileID: 0}
  m_PrefabInstance: {fileID: 0}
  m_PrefabAsset: {fileID: 0}
  m_GameObject: {fileID: 1879676388288707015}
  m_Enabled: 1
  m_EditorHideFlags: 0
  m_Script: {fileID: 11500000, guid: 50a79e026e55cb040a96beb72e202645, type: 3}
  m_Name: 
  m_EditorClassIdentifier: 
  serializationData:
    SerializedFormat: 2
    SerializedBytes: 
    ReferencedUnityObjects: []
    SerializedBytesString: 
    Prefab: {fileID: 0}
    PrefabModificationsReferencedUnityObjects: []
    PrefabModifications: []
    SerializationNodes: []
  _udonSharpBackingUdonBehaviour: {fileID: 231494769744269082}
  _maxLogLevel: 4
  _logger: {fileID: 0}
  customLabel: Unity Video
  autoManageVolume: 1
  autoManageMute: 1
  screens: []
  spatialSpeakers:
  - {fileID: 8266898523291246175}
  managedSpatialVolume: 01
  managedSpatialMute: 01
  stereoSpeakers:
  - {fileID: 8266898523291246175}
  managedStereoVolume: 01
  managedStereoMute: 01
  isAVPro: 0
  matRenderer: {fileID: 0}
--- !u!114 &4301685774008892242
MonoBehaviour:
  m_ObjectHideFlags: 0
  m_CorrespondingSourceObject: {fileID: 0}
  m_PrefabInstance: {fileID: 0}
  m_PrefabAsset: {fileID: 0}
  m_GameObject: {fileID: 1879676388288707015}
  m_Enabled: 1
  m_EditorHideFlags: 0
  m_Script: {fileID: -560078975, guid: 661092b4961be7145bfbe56e1e62337b, type: 3}
  m_Name: 
  m_EditorClassIdentifier: 
  EnableAutomaticResync: 0
  videoURL:
    url: 
  autoPlay: 0
  loop: 0
  renderMode: 1
  targetTexture: {fileID: 0}
  targetMaterialRenderer: {fileID: 5464897394052894565}
  targetMaterialProperty: _MainTex
  aspectRatio: 0
  targetAudioSources:
  - {fileID: 8266898523291246175}
  maximumResolution: 4320
--- !u!23 &5464897394052894565
MeshRenderer:
  m_ObjectHideFlags: 0
  m_CorrespondingSourceObject: {fileID: 0}
  m_PrefabInstance: {fileID: 0}
  m_PrefabAsset: {fileID: 0}
  m_GameObject: {fileID: 1879676388288707015}
  m_Enabled: 0
  m_CastShadows: 1
  m_ReceiveShadows: 1
  m_DynamicOccludee: 1
  m_StaticShadowCaster: 0
  m_MotionVectors: 1
  m_LightProbeUsage: 1
  m_ReflectionProbeUsage: 1
  m_RayTracingMode: 2
  m_RayTraceProcedural: 0
  m_RenderingLayerMask: 1
  m_RendererPriority: 0
  m_Materials:
  - {fileID: 0}
  m_StaticBatchInfo:
    firstSubMesh: 0
    subMeshCount: 0
  m_StaticBatchRoot: {fileID: 0}
  m_ProbeAnchor: {fileID: 0}
  m_LightProbeVolumeOverride: {fileID: 0}
  m_ScaleInLightmap: 1
  m_ReceiveGI: 1
  m_PreserveUVs: 0
  m_IgnoreNormalsForChartDetection: 0
  m_ImportantGI: 0
  m_StitchLightmapSeams: 1
  m_SelectedEditorRenderState: 3
  m_MinimumChartSize: 4
  m_AutoUVMaxDistance: 0.5
  m_AutoUVMaxAngle: 89
  m_LightmapParameters: {fileID: 0}
  m_SortingLayerID: 0
  m_SortingLayer: 0
  m_SortingOrder: 0
  m_AdditionalVertexStreams: {fileID: 0}
--- !u!114 &231494769744269082
MonoBehaviour:
  m_ObjectHideFlags: 0
  m_CorrespondingSourceObject: {fileID: 0}
  m_PrefabInstance: {fileID: 0}
  m_PrefabAsset: {fileID: 0}
  m_GameObject: {fileID: 1879676388288707015}
  m_Enabled: 1
  m_EditorHideFlags: 0
  m_Script: {fileID: 11500000, guid: 45115577ef41a5b4ca741ed302693907, type: 3}
  m_Name: 
  m_EditorClassIdentifier: 
  interactTextPlacement: {fileID: 0}
  interactText: Use
  interactTextGO: {fileID: 0}
  proximity: 2
  SynchronizePosition: 0
  AllowCollisionOwnershipTransfer: 0
  Reliable: 0
  _syncMethod: 0
  serializedProgramAsset: {fileID: 11400000, guid: 9d97da8aac596384ba9db3249c74094a,
    type: 2}
  programSource: {fileID: 11400000, guid: 4441ca2fa614aad4b82e0296e1fc8af5, type: 2}
  serializedPublicVariablesBytesString: Ai8AAAAAATIAAABWAFIAQwAuAFUAZABvAG4ALgBDAG8AbQBtAG8AbgAuAFUAZABvAG4AVgBhAHIAaQBhAGIAbABlAFQAYQBiAGwAZQAsACAAVgBSAEMALgBVAGQAbwBuAC4AQwBvAG0AbQBvAG4AAAAAAAYBAAAAAAAAACcBBAAAAHQAeQBwAGUAAWgAAABTAHkAcwB0AGUAbQAuAEMAbwBsAGwAZQBjAHQAaQBvAG4AcwAuAEcAZQBuAGUAcgBpAGMALgBMAGkAcwB0AGAAMQBbAFsAVgBSAEMALgBVAGQAbwBuAC4AQwBvAG0AbQBvAG4ALgBJAG4AdABlAHIAZgBhAGMAZQBzAC4ASQBVAGQAbwBuAFYAYQByAGkAYQBiAGwAZQAsACAAVgBSAEMALgBVAGQAbwBuAC4AQwBvAG0AbQBvAG4AXQBdACwAIABtAHMAYwBvAHIAbABpAGIAAQEJAAAAVgBhAHIAaQBhAGIAbABlAHMALwEAAAABaAAAAFMAeQBzAHQAZQBtAC4AQwBvAGwAbABlAGMAdABpAG8AbgBzAC4ARwBlAG4AZQByAGkAYwAuAEwAaQBzAHQAYAAxAFsAWwBWAFIAQwAuAFUAZABvAG4ALgBDAG8AbQBtAG8AbgAuAEkAbgB0AGUAcgBmAGEAYwBlAHMALgBJAFUAZABvAG4AVgBhAHIAaQBhAGIAbABlACwAIABWAFIAQwAuAFUAZABvAG4ALgBDAG8AbQBtAG8AbgBdAF0ALAAgAG0AcwBjAG8AcgBsAGkAYgABAAAABgEAAAAAAAAAAi8CAAAAAUkAAABWAFIAQwAuAFUAZABvAG4ALgBDAG8AbQBtAG8AbgAuAFUAZABvAG4AVgBhAHIAaQBhAGIAbABlAGAAMQBbAFsAUwB5AHMAdABlAG0ALgBJAG4AdAAzADIALAAgAG0AcwBjAG8AcgBsAGkAYgBdAF0ALAAgAFYAUgBDAC4AVQBkAG8AbgAuAEMAbwBtAG0AbwBuAAIAAAAGAgAAAAAAAAAnAQQAAAB0AHkAcABlAAEXAAAAUwB5AHMAdABlAG0ALgBTAHQAcgBpAG4AZwAsACAAbQBzAGMAbwByAGwAaQBiACcBCgAAAFMAeQBtAGIAbwBsAE4AYQBtAGUAAR8AAABfAF8AXwBVAGQAbwBuAFMAaABhAHIAcABCAGUAaABhAHYAaQBvAHUAcgBWAGUAcgBzAGkAbwBuAF8AXwBfACcBBAAAAHQAeQBwAGUAARYAAABTAHkAcwB0AGUAbQAuAEkAbgB0ADMAMgAsACAAbQBzAGMAbwByAGwAaQBiABcBBQAAAFYAYQBsAHUAZQACAAAABwUHBQcF
  publicVariablesUnityEngineObjects: []
  publicVariablesSerializationDataFormat: 0
--- !u!1 &3121237320413868611
GameObject:
  m_ObjectHideFlags: 0
  m_CorrespondingSourceObject: {fileID: 0}
  m_PrefabInstance: {fileID: 0}
  m_PrefabAsset: {fileID: 0}
  serializedVersion: 6
  m_Component:
  - component: {fileID: 7784055857711364479}
  m_Layer: 8
  m_Name: Speakers
  m_TagString: Untagged
  m_Icon: {fileID: 0}
  m_NavMeshLayer: 0
  m_StaticEditorFlags: 0
  m_IsActive: 1
--- !u!4 &7784055857711364479
Transform:
  m_ObjectHideFlags: 0
  m_CorrespondingSourceObject: {fileID: 0}
  m_PrefabInstance: {fileID: 0}
  m_PrefabAsset: {fileID: 0}
  m_GameObject: {fileID: 3121237320413868611}
  serializedVersion: 2
  m_LocalRotation: {x: 0, y: 0, z: 0, w: 1}
  m_LocalPosition: {x: 0, y: 0, z: 0}
  m_LocalScale: {x: 1, y: 1, z: 1}
  m_ConstrainProportionsScale: 0
  m_Children:
  - {fileID: 8974670222207267788}
  - {fileID: 6656467951574526125}
  - {fileID: 8416009881657429299}
  - {fileID: 2858533468679548098}
  - {fileID: 2629617601598485643}
  m_Father: {fileID: 8974670222357236748}
  m_LocalEulerAnglesHint: {x: 0, y: 0, z: 0}
--- !u!1 &3819601208242413542
GameObject:
  m_ObjectHideFlags: 0
  m_CorrespondingSourceObject: {fileID: 0}
  m_PrefabInstance: {fileID: 0}
  m_PrefabAsset: {fileID: 0}
  serializedVersion: 6
  m_Component:
  - component: {fileID: 5360597025787954247}
  - component: {fileID: 6392941586831798366}
  - component: {fileID: 4413731886431532359}
  m_Layer: 0
  m_Name: TVAuth
  m_TagString: Untagged
  m_Icon: {fileID: 0}
  m_NavMeshLayer: 0
  m_StaticEditorFlags: 0
  m_IsActive: 1
--- !u!4 &5360597025787954247
Transform:
  m_ObjectHideFlags: 0
  m_CorrespondingSourceObject: {fileID: 0}
  m_PrefabInstance: {fileID: 0}
  m_PrefabAsset: {fileID: 0}
  m_GameObject: {fileID: 3819601208242413542}
  serializedVersion: 2
  m_LocalRotation: {x: -0, y: -0, z: -0, w: 1}
  m_LocalPosition: {x: 0, y: 0.3018999, z: 0}
  m_LocalScale: {x: 1, y: 1, z: 1}
  m_ConstrainProportionsScale: 0
  m_Children: []
  m_Father: {fileID: 1306476264489883876}
  m_LocalEulerAnglesHint: {x: 0, y: 0, z: 0}
--- !u!114 &6392941586831798366
MonoBehaviour:
  m_ObjectHideFlags: 0
  m_CorrespondingSourceObject: {fileID: 0}
  m_PrefabInstance: {fileID: 0}
  m_PrefabAsset: {fileID: 0}
  m_GameObject: {fileID: 3819601208242413542}
  m_Enabled: 1
  m_EditorHideFlags: 0
  m_Script: {fileID: 11500000, guid: 6b5b518aed5347bcb5c14a59ff419f14, type: 3}
  m_Name: 
  m_EditorClassIdentifier: 
  serializationData:
    SerializedFormat: 2
    SerializedBytes: 
    ReferencedUnityObjects: []
    SerializedBytesString: 
    Prefab: {fileID: 0}
    PrefabModificationsReferencedUnityObjects: []
    PrefabModifications: []
    SerializationNodes: []
  _udonSharpBackingUdonBehaviour: {fileID: 4413731886431532359}
  _maxLogLevel: 4
  _logger: {fileID: 0}
  LogLevelOverride: 0
  tv: {fileID: 903207109034248519}
  superUsers: []
  authorizedUsers: []
  secureWhitelist: 1
--- !u!114 &4413731886431532359
MonoBehaviour:
  m_ObjectHideFlags: 0
  m_CorrespondingSourceObject: {fileID: 0}
  m_PrefabInstance: {fileID: 0}
  m_PrefabAsset: {fileID: 0}
  m_GameObject: {fileID: 3819601208242413542}
  m_Enabled: 1
  m_EditorHideFlags: 0
  m_Script: {fileID: 11500000, guid: 45115577ef41a5b4ca741ed302693907, type: 3}
  m_Name: 
  m_EditorClassIdentifier: 
  interactTextPlacement: {fileID: 0}
  interactText: Use
  interactTextGO: {fileID: 0}
  proximity: 2
  SynchronizePosition: 0
  AllowCollisionOwnershipTransfer: 0
  Reliable: 0
  _syncMethod: 3
  serializedProgramAsset: {fileID: 11400000, guid: bf305264cacbe7949981c81ae5addab5,
    type: 2}
  programSource: {fileID: 11400000, guid: cf985a8138eb084478148919e707d6aa, type: 2}
  serializedPublicVariablesBytesString: Ai8AAAAAATIAAABWAFIAQwAuAFUAZABvAG4ALgBDAG8AbQBtAG8AbgAuAFUAZABvAG4AVgBhAHIAaQBhAGIAbABlAFQAYQBiAGwAZQAsACAAVgBSAEMALgBVAGQAbwBuAC4AQwBvAG0AbQBvAG4AAAAAAAYBAAAAAAAAACcBBAAAAHQAeQBwAGUAAWgAAABTAHkAcwB0AGUAbQAuAEMAbwBsAGwAZQBjAHQAaQBvAG4AcwAuAEcAZQBuAGUAcgBpAGMALgBMAGkAcwB0AGAAMQBbAFsAVgBSAEMALgBVAGQAbwBuAC4AQwBvAG0AbQBvAG4ALgBJAG4AdABlAHIAZgBhAGMAZQBzAC4ASQBVAGQAbwBuAFYAYQByAGkAYQBiAGwAZQAsACAAVgBSAEMALgBVAGQAbwBuAC4AQwBvAG0AbQBvAG4AXQBdACwAIABtAHMAYwBvAHIAbABpAGIAAQEJAAAAVgBhAHIAaQBhAGIAbABlAHMALwEAAAABaAAAAFMAeQBzAHQAZQBtAC4AQwBvAGwAbABlAGMAdABpAG8AbgBzAC4ARwBlAG4AZQByAGkAYwAuAEwAaQBzAHQAYAAxAFsAWwBWAFIAQwAuAFUAZABvAG4ALgBDAG8AbQBtAG8AbgAuAEkAbgB0AGUAcgBmAGEAYwBlAHMALgBJAFUAZABvAG4AVgBhAHIAaQBhAGIAbABlACwAIABWAFIAQwAuAFUAZABvAG4ALgBDAG8AbQBtAG8AbgBdAF0ALAAgAG0AcwBjAG8AcgBsAGkAYgABAAAABgEAAAAAAAAAAi8CAAAAAUkAAABWAFIAQwAuAFUAZABvAG4ALgBDAG8AbQBtAG8AbgAuAFUAZABvAG4AVgBhAHIAaQBhAGIAbABlAGAAMQBbAFsAUwB5AHMAdABlAG0ALgBJAG4AdAAzADIALAAgAG0AcwBjAG8AcgBsAGkAYgBdAF0ALAAgAFYAUgBDAC4AVQBkAG8AbgAuAEMAbwBtAG0AbwBuAAIAAAAGAgAAAAAAAAAnAQQAAAB0AHkAcABlAAEXAAAAUwB5AHMAdABlAG0ALgBTAHQAcgBpAG4AZwAsACAAbQBzAGMAbwByAGwAaQBiACcBCgAAAFMAeQBtAGIAbwBsAE4AYQBtAGUAAR8AAABfAF8AXwBVAGQAbwBuAFMAaABhAHIAcABCAGUAaABhAHYAaQBvAHUAcgBWAGUAcgBzAGkAbwBuAF8AXwBfACcBBAAAAHQAeQBwAGUAARYAAABTAHkAcwB0AGUAbQAuAEkAbgB0ADMAMgAsACAAbQBzAGMAbwByAGwAaQBiABcBBQAAAFYAYQBsAHUAZQACAAAABwUHBQcF
  publicVariablesUnityEngineObjects: []
  publicVariablesSerializationDataFormat: 0
--- !u!1 &5894289207733453175
GameObject:
  m_ObjectHideFlags: 0
  m_CorrespondingSourceObject: {fileID: 0}
  m_PrefabInstance: {fileID: 0}
  m_PrefabAsset: {fileID: 0}
  serializedVersion: 6
  m_Component:
  - component: {fileID: 8416009881657429299}
  - component: {fileID: 783794555816408172}
  - component: {fileID: 5031441107379601243}
  m_Layer: 8
  m_Name: AVProNonLL Stereo
  m_TagString: Untagged
  m_Icon: {fileID: 0}
  m_NavMeshLayer: 0
  m_StaticEditorFlags: 0
  m_IsActive: 1
--- !u!4 &8416009881657429299
Transform:
  m_ObjectHideFlags: 0
  m_CorrespondingSourceObject: {fileID: 0}
  m_PrefabInstance: {fileID: 0}
  m_PrefabAsset: {fileID: 0}
  m_GameObject: {fileID: 5894289207733453175}
  serializedVersion: 2
  m_LocalRotation: {x: -0, y: -0, z: -0, w: 1}
  m_LocalPosition: {x: 0, y: 1, z: 0}
  m_LocalScale: {x: 1, y: 1, z: 1}
  m_ConstrainProportionsScale: 0
  m_Children: []
  m_Father: {fileID: 7784055857711364479}
  m_LocalEulerAnglesHint: {x: 0, y: 0, z: 0}
--- !u!114 &783794555816408172
MonoBehaviour:
  m_ObjectHideFlags: 0
  m_CorrespondingSourceObject: {fileID: 0}
  m_PrefabInstance: {fileID: 0}
  m_PrefabAsset: {fileID: 0}
  m_GameObject: {fileID: 5894289207733453175}
  m_Enabled: 1
  m_EditorHideFlags: 0
  m_Script: {fileID: 1361866905, guid: 661092b4961be7145bfbe56e1e62337b, type: 3}
  m_Name: 
  m_EditorClassIdentifier: 
  videoPlayer: {fileID: 4584319620574627920}
  mode: 0
--- !u!82 &5031441107379601243
AudioSource:
  m_ObjectHideFlags: 0
  m_CorrespondingSourceObject: {fileID: 0}
  m_PrefabInstance: {fileID: 0}
  m_PrefabAsset: {fileID: 0}
  m_GameObject: {fileID: 5894289207733453175}
  m_Enabled: 1
  serializedVersion: 4
  OutputAudioMixerGroup: {fileID: 0}
  m_audioClip: {fileID: 0}
  m_PlayOnAwake: 1
  m_Volume: 1
  m_Pitch: 1
  Loop: 0
  Mute: 0
  Spatialize: 0
  SpatializePostEffects: 0
  Priority: 16
  DopplerLevel: 0
  MinDistance: 57.858875
  MaxDistance: 120.584694
  Pan2D: 0
  rolloffMode: 2
  BypassEffects: 0
  BypassListenerEffects: 0
  BypassReverbZones: 0
  rolloffCustomCurve:
    serializedVersion: 2
    m_Curve:
    - serializedVersion: 3
      time: 0
      value: 1
      inSlope: 0
      outSlope: 0
      tangentMode: 0
      weightedMode: 0
      inWeight: 0.33333334
      outWeight: 0.33333334
    - serializedVersion: 3
      time: 0.69646186
      value: 0.49618387
      inSlope: -2.0728443
      outSlope: -2.0728443
      tangentMode: 0
      weightedMode: 0
      inWeight: 0.041733496
      outWeight: 0.17920901
    - serializedVersion: 3
      time: 0.85173845
      value: 0.10109827
      inSlope: -1.4955534
      outSlope: -1.4955534
      tangentMode: 0
      weightedMode: 0
      inWeight: 0.56713176
      outWeight: 0.5719908
    - serializedVersion: 3
      time: 1
      value: 0
      inSlope: -0.27076796
      outSlope: -0.27076796
      tangentMode: 0
      weightedMode: 0
      inWeight: 0.56083983
      outWeight: 0.33333334
    m_PreInfinity: 2
    m_PostInfinity: 2
    m_RotationOrder: 4
  panLevelCustomCurve:
    serializedVersion: 2
    m_Curve:
    - serializedVersion: 3
      time: 0
      value: 0
      inSlope: 0
      outSlope: 0
      tangentMode: 0
      weightedMode: 0
      inWeight: 0.33333334
      outWeight: 0.33333334
    m_PreInfinity: 2
    m_PostInfinity: 2
    m_RotationOrder: 4
  spreadCustomCurve:
    serializedVersion: 2
    m_Curve:
    - serializedVersion: 3
      time: 0
      value: 1
      inSlope: 0
      outSlope: 0
      tangentMode: 0
      weightedMode: 0
      inWeight: 0.33333334
      outWeight: 0.33333334
    m_PreInfinity: 2
    m_PostInfinity: 2
    m_RotationOrder: 4
  reverbZoneMixCustomCurve:
    serializedVersion: 2
    m_Curve:
    - serializedVersion: 3
      time: 0
      value: 0.5
      inSlope: 0
      outSlope: 0
      tangentMode: 0
      weightedMode: 0
      inWeight: 0.33333334
      outWeight: 0.33333334
    m_PreInfinity: 2
    m_PostInfinity: 2
    m_RotationOrder: 4
--- !u!1 &6808913530415281068
GameObject:
  m_ObjectHideFlags: 0
  m_CorrespondingSourceObject: {fileID: 0}
  m_PrefabInstance: {fileID: 0}
  m_PrefabAsset: {fileID: 0}
  serializedVersion: 6
  m_Component:
  - component: {fileID: 6656467951574526125}
  - component: {fileID: 1043025625977019831}
  - component: {fileID: 1114424524473131056}
  m_Layer: 8
  m_Name: AVProHQ Stereo Center
  m_TagString: Untagged
  m_Icon: {fileID: 0}
  m_NavMeshLayer: 0
  m_StaticEditorFlags: 0
  m_IsActive: 1
--- !u!4 &6656467951574526125
Transform:
  m_ObjectHideFlags: 0
  m_CorrespondingSourceObject: {fileID: 0}
  m_PrefabInstance: {fileID: 0}
  m_PrefabAsset: {fileID: 0}
  m_GameObject: {fileID: 6808913530415281068}
  serializedVersion: 2
  m_LocalRotation: {x: -0, y: -0, z: -0, w: 1}
  m_LocalPosition: {x: 0, y: 1, z: 0}
  m_LocalScale: {x: 1, y: 1, z: 1}
  m_ConstrainProportionsScale: 0
  m_Children: []
  m_Father: {fileID: 7784055857711364479}
  m_LocalEulerAnglesHint: {x: 0, y: 0, z: 0}
--- !u!114 &1043025625977019831
MonoBehaviour:
  m_ObjectHideFlags: 0
  m_CorrespondingSourceObject: {fileID: 0}
  m_PrefabInstance: {fileID: 0}
  m_PrefabAsset: {fileID: 0}
  m_GameObject: {fileID: 6808913530415281068}
  m_Enabled: 1
  m_EditorHideFlags: 0
  m_Script: {fileID: 1361866905, guid: 661092b4961be7145bfbe56e1e62337b, type: 3}
  m_Name: 
  m_EditorClassIdentifier: 
  videoPlayer: {fileID: 8974670222176274084}
  mode: 3
--- !u!82 &1114424524473131056
AudioSource:
  m_ObjectHideFlags: 0
  m_CorrespondingSourceObject: {fileID: 0}
  m_PrefabInstance: {fileID: 0}
  m_PrefabAsset: {fileID: 0}
  m_GameObject: {fileID: 6808913530415281068}
  m_Enabled: 1
  serializedVersion: 4
  OutputAudioMixerGroup: {fileID: 0}
  m_audioClip: {fileID: 0}
  m_PlayOnAwake: 1
  m_Volume: 1
  m_Pitch: 1
  Loop: 0
  Mute: 0
  Spatialize: 0
  SpatializePostEffects: 0
  Priority: 16
  DopplerLevel: 0
  MinDistance: 57.858875
  MaxDistance: 120.584694
  Pan2D: 0
  rolloffMode: 2
  BypassEffects: 0
  BypassListenerEffects: 0
  BypassReverbZones: 0
  rolloffCustomCurve:
    serializedVersion: 2
    m_Curve:
    - serializedVersion: 3
      time: 0
      value: 1
      inSlope: 0
      outSlope: 0
      tangentMode: 0
      weightedMode: 0
      inWeight: 0.33333334
      outWeight: 0.33333334
    - serializedVersion: 3
      time: 0.69646186
      value: 0.49618387
      inSlope: -2.0728443
      outSlope: -2.0728443
      tangentMode: 0
      weightedMode: 0
      inWeight: 0.041733496
      outWeight: 0.17920901
    - serializedVersion: 3
      time: 0.85173845
      value: 0.10109827
      inSlope: -1.4955534
      outSlope: -1.4955534
      tangentMode: 0
      weightedMode: 0
      inWeight: 0.56713176
      outWeight: 0.5719908
    - serializedVersion: 3
      time: 1
      value: 0
      inSlope: -0.27076796
      outSlope: -0.27076796
      tangentMode: 0
      weightedMode: 0
      inWeight: 0.56083983
      outWeight: 0.33333334
    m_PreInfinity: 2
    m_PostInfinity: 2
    m_RotationOrder: 4
  panLevelCustomCurve:
    serializedVersion: 2
    m_Curve:
    - serializedVersion: 3
      time: 0
      value: 0
      inSlope: 0
      outSlope: 0
      tangentMode: 0
      weightedMode: 0
      inWeight: 0.33333334
      outWeight: 0.33333334
    m_PreInfinity: 2
    m_PostInfinity: 2
    m_RotationOrder: 4
  spreadCustomCurve:
    serializedVersion: 2
    m_Curve:
    - serializedVersion: 3
      time: 0
      value: 1
      inSlope: 0
      outSlope: 0
      tangentMode: 0
      weightedMode: 0
      inWeight: 0.33333334
      outWeight: 0.33333334
    m_PreInfinity: 2
    m_PostInfinity: 2
    m_RotationOrder: 4
  reverbZoneMixCustomCurve:
    serializedVersion: 2
    m_Curve:
    - serializedVersion: 3
      time: 0
      value: 0.5
      inSlope: 0
      outSlope: 0
      tangentMode: 0
      weightedMode: 0
      inWeight: 0.33333334
      outWeight: 0.33333334
    m_PreInfinity: 2
    m_PostInfinity: 2
    m_RotationOrder: 4
--- !u!1 &7086167085034886739
GameObject:
  m_ObjectHideFlags: 0
  m_CorrespondingSourceObject: {fileID: 0}
  m_PrefabInstance: {fileID: 0}
  m_PrefabAsset: {fileID: 0}
  serializedVersion: 6
  m_Component:
  - component: {fileID: 1306476264489883876}
  m_Layer: 8
  m_Name: Internal
  m_TagString: Untagged
  m_Icon: {fileID: 0}
  m_NavMeshLayer: 0
  m_StaticEditorFlags: 0
  m_IsActive: 1
--- !u!4 &1306476264489883876
Transform:
  m_ObjectHideFlags: 0
  m_CorrespondingSourceObject: {fileID: 0}
  m_PrefabInstance: {fileID: 0}
  m_PrefabAsset: {fileID: 0}
  m_GameObject: {fileID: 7086167085034886739}
  serializedVersion: 2
  m_LocalRotation: {x: 0, y: 0, z: 0, w: 1}
  m_LocalPosition: {x: 0, y: 0, z: 0}
  m_LocalScale: {x: 1, y: 1, z: 1}
  m_ConstrainProportionsScale: 0
  m_Children:
  - {fileID: 5360597025787954247}
  - {fileID: 8974670222387255556}
  - {fileID: 8974670222176274083}
  - {fileID: 8833221130216144305}
  - {fileID: 8679137220886943078}
  m_Father: {fileID: 8974670222357236748}
  m_LocalEulerAnglesHint: {x: 0, y: 0, z: 0}
--- !u!1 &7657097216056688492
GameObject:
  m_ObjectHideFlags: 0
  m_CorrespondingSourceObject: {fileID: 0}
  m_PrefabInstance: {fileID: 0}
  m_PrefabAsset: {fileID: 0}
  serializedVersion: 6
  m_Component:
  - component: {fileID: 8833221130216144305}
  - component: {fileID: 4069508560162131845}
  - component: {fileID: 4584319620574627920}
  - component: {fileID: 1105714023966368578}
  - component: {fileID: 3191552878542522239}
  - component: {fileID: 4195692980211566719}
  m_Layer: 8
  m_Name: AVProNonLL
  m_TagString: Untagged
  m_Icon: {fileID: 0}
  m_NavMeshLayer: 0
  m_StaticEditorFlags: 0
  m_IsActive: 0
--- !u!4 &8833221130216144305
Transform:
  m_ObjectHideFlags: 0
  m_CorrespondingSourceObject: {fileID: 0}
  m_PrefabInstance: {fileID: 0}
  m_PrefabAsset: {fileID: 0}
  m_GameObject: {fileID: 7657097216056688492}
  serializedVersion: 2
  m_LocalRotation: {x: -0, y: -0, z: -0, w: 1}
  m_LocalPosition: {x: 0, y: 0, z: 0}
  m_LocalScale: {x: 1, y: 1, z: 1}
  m_ConstrainProportionsScale: 0
  m_Children: []
  m_Father: {fileID: 1306476264489883876}
  m_LocalEulerAnglesHint: {x: 0, y: 0, z: 0}
--- !u!114 &4069508560162131845
MonoBehaviour:
  m_ObjectHideFlags: 0
  m_CorrespondingSourceObject: {fileID: 0}
  m_PrefabInstance: {fileID: 0}
  m_PrefabAsset: {fileID: 0}
  m_GameObject: {fileID: 7657097216056688492}
  m_Enabled: 1
  m_EditorHideFlags: 0
  m_Script: {fileID: 11500000, guid: 50a79e026e55cb040a96beb72e202645, type: 3}
  m_Name: 
  m_EditorClassIdentifier: 
  serializationData:
    SerializedFormat: 2
    SerializedBytes: 
    ReferencedUnityObjects: []
    SerializedBytesString: 
    Prefab: {fileID: 0}
    PrefabModificationsReferencedUnityObjects: []
    PrefabModifications: []
    SerializationNodes: []
  _udonSharpBackingUdonBehaviour: {fileID: 4195692980211566719}
  _maxLogLevel: 4
  _logger: {fileID: 0}
  customLabel: AVPro Compatibility
  autoManageVolume: 1
  autoManageMute: 1
  screens: []
  spatialSpeakers:
  - {fileID: 1740412842616736824}
  - {fileID: 5031441107379601243}
  managedSpatialVolume: 0101
  managedSpatialMute: 0101
  stereoSpeakers:
  - {fileID: 1740412842616736824}
  - {fileID: 5031441107379601243}
  managedStereoVolume: 0101
  managedStereoMute: 0101
  isAVPro: 0
  matRenderer: {fileID: 0}
--- !u!114 &4584319620574627920
MonoBehaviour:
  m_ObjectHideFlags: 0
  m_CorrespondingSourceObject: {fileID: 0}
  m_PrefabInstance: {fileID: 0}
  m_PrefabAsset: {fileID: 0}
  m_GameObject: {fileID: 7657097216056688492}
  m_Enabled: 1
  m_EditorHideFlags: 0
  m_Script: {fileID: -1743794047, guid: 661092b4961be7145bfbe56e1e62337b, type: 3}
  m_Name: 
  m_EditorClassIdentifier: 
  EnableAutomaticResync: 0
  videoURL:
    url: 
  autoPlay: 0
  loop: 0
  maximumResolution: 720
  useLowLatency: 0
--- !u!114 &1105714023966368578
MonoBehaviour:
  m_ObjectHideFlags: 0
  m_CorrespondingSourceObject: {fileID: 0}
  m_PrefabInstance: {fileID: 0}
  m_PrefabAsset: {fileID: 0}
  m_GameObject: {fileID: 7657097216056688492}
  m_Enabled: 1
  m_EditorHideFlags: 0
  m_Script: {fileID: -1889044836, guid: 661092b4961be7145bfbe56e1e62337b, type: 3}
  m_Name: 
  m_EditorClassIdentifier: 
  videoPlayer: {fileID: 4584319620574627920}
  materialIndex: 0
  textureProperty: _MainTex
  useSharedMaterial: 0
--- !u!23 &3191552878542522239
MeshRenderer:
  m_ObjectHideFlags: 0
  m_CorrespondingSourceObject: {fileID: 0}
  m_PrefabInstance: {fileID: 0}
  m_PrefabAsset: {fileID: 0}
  m_GameObject: {fileID: 7657097216056688492}
  m_Enabled: 0
  m_CastShadows: 0
  m_ReceiveShadows: 0
  m_DynamicOccludee: 0
  m_StaticShadowCaster: 0
  m_MotionVectors: 2
  m_LightProbeUsage: 0
  m_ReflectionProbeUsage: 0
  m_RayTracingMode: 2
  m_RayTraceProcedural: 0
  m_RenderingLayerMask: 1
  m_RendererPriority: 0
  m_Materials:
  - {fileID: 0}
  m_StaticBatchInfo:
    firstSubMesh: 0
    subMeshCount: 0
  m_StaticBatchRoot: {fileID: 0}
  m_ProbeAnchor: {fileID: 0}
  m_LightProbeVolumeOverride: {fileID: 0}
  m_ScaleInLightmap: 1
  m_ReceiveGI: 1
  m_PreserveUVs: 0
  m_IgnoreNormalsForChartDetection: 0
  m_ImportantGI: 0
  m_StitchLightmapSeams: 0
  m_SelectedEditorRenderState: 3
  m_MinimumChartSize: 4
  m_AutoUVMaxDistance: 0.5
  m_AutoUVMaxAngle: 89
  m_LightmapParameters: {fileID: 0}
  m_SortingLayerID: 0
  m_SortingLayer: 0
  m_SortingOrder: 0
  m_AdditionalVertexStreams: {fileID: 0}
--- !u!114 &4195692980211566719
MonoBehaviour:
  m_ObjectHideFlags: 0
  m_CorrespondingSourceObject: {fileID: 0}
  m_PrefabInstance: {fileID: 0}
  m_PrefabAsset: {fileID: 0}
  m_GameObject: {fileID: 7657097216056688492}
  m_Enabled: 1
  m_EditorHideFlags: 0
  m_Script: {fileID: 11500000, guid: 45115577ef41a5b4ca741ed302693907, type: 3}
  m_Name: 
  m_EditorClassIdentifier: 
  interactTextPlacement: {fileID: 0}
  interactText: Use
  interactTextGO: {fileID: 0}
  proximity: 2
  SynchronizePosition: 0
  AllowCollisionOwnershipTransfer: 0
  Reliable: 0
  _syncMethod: 0
  serializedProgramAsset: {fileID: 11400000, guid: 9d97da8aac596384ba9db3249c74094a,
    type: 2}
  programSource: {fileID: 11400000, guid: 4441ca2fa614aad4b82e0296e1fc8af5, type: 2}
  serializedPublicVariablesBytesString: Ai8AAAAAATIAAABWAFIAQwAuAFUAZABvAG4ALgBDAG8AbQBtAG8AbgAuAFUAZABvAG4AVgBhAHIAaQBhAGIAbABlAFQAYQBiAGwAZQAsACAAVgBSAEMALgBVAGQAbwBuAC4AQwBvAG0AbQBvAG4AAAAAAAYBAAAAAAAAACcBBAAAAHQAeQBwAGUAAWgAAABTAHkAcwB0AGUAbQAuAEMAbwBsAGwAZQBjAHQAaQBvAG4AcwAuAEcAZQBuAGUAcgBpAGMALgBMAGkAcwB0AGAAMQBbAFsAVgBSAEMALgBVAGQAbwBuAC4AQwBvAG0AbQBvAG4ALgBJAG4AdABlAHIAZgBhAGMAZQBzAC4ASQBVAGQAbwBuAFYAYQByAGkAYQBiAGwAZQAsACAAVgBSAEMALgBVAGQAbwBuAC4AQwBvAG0AbQBvAG4AXQBdACwAIABtAHMAYwBvAHIAbABpAGIAAQEJAAAAVgBhAHIAaQBhAGIAbABlAHMALwEAAAABaAAAAFMAeQBzAHQAZQBtAC4AQwBvAGwAbABlAGMAdABpAG8AbgBzAC4ARwBlAG4AZQByAGkAYwAuAEwAaQBzAHQAYAAxAFsAWwBWAFIAQwAuAFUAZABvAG4ALgBDAG8AbQBtAG8AbgAuAEkAbgB0AGUAcgBmAGEAYwBlAHMALgBJAFUAZABvAG4AVgBhAHIAaQBhAGIAbABlACwAIABWAFIAQwAuAFUAZABvAG4ALgBDAG8AbQBtAG8AbgBdAF0ALAAgAG0AcwBjAG8AcgBsAGkAYgABAAAABgEAAAAAAAAAAi8CAAAAAUkAAABWAFIAQwAuAFUAZABvAG4ALgBDAG8AbQBtAG8AbgAuAFUAZABvAG4AVgBhAHIAaQBhAGIAbABlAGAAMQBbAFsAUwB5AHMAdABlAG0ALgBJAG4AdAAzADIALAAgAG0AcwBjAG8AcgBsAGkAYgBdAF0ALAAgAFYAUgBDAC4AVQBkAG8AbgAuAEMAbwBtAG0AbwBuAAIAAAAGAgAAAAAAAAAnAQQAAAB0AHkAcABlAAEXAAAAUwB5AHMAdABlAG0ALgBTAHQAcgBpAG4AZwAsACAAbQBzAGMAbwByAGwAaQBiACcBCgAAAFMAeQBtAGIAbwBsAE4AYQBtAGUAAR8AAABfAF8AXwBVAGQAbwBuAFMAaABhAHIAcABCAGUAaABhAHYAaQBvAHUAcgBWAGUAcgBzAGkAbwBuAF8AXwBfACcBBAAAAHQAeQBwAGUAARYAAABTAHkAcwB0AGUAbQAuAEkAbgB0ADMAMgAsACAAbQBzAGMAbwByAGwAaQBiABcBBQAAAFYAYQBsAHUAZQACAAAABwUHBQcF
  publicVariablesUnityEngineObjects: []
  publicVariablesSerializationDataFormat: 0
--- !u!1 &7828407003199495260
GameObject:
  m_ObjectHideFlags: 0
  m_CorrespondingSourceObject: {fileID: 0}
  m_PrefabInstance: {fileID: 0}
  m_PrefabAsset: {fileID: 0}
  serializedVersion: 6
  m_Component:
  - component: {fileID: 2629617601598485643}
  - component: {fileID: 8266898523291246175}
  m_Layer: 8
  m_Name: UnityVideo Stereo
  m_TagString: Untagged
  m_Icon: {fileID: 0}
  m_NavMeshLayer: 0
  m_StaticEditorFlags: 0
  m_IsActive: 1
--- !u!4 &2629617601598485643
Transform:
  m_ObjectHideFlags: 0
  m_CorrespondingSourceObject: {fileID: 0}
  m_PrefabInstance: {fileID: 0}
  m_PrefabAsset: {fileID: 0}
  m_GameObject: {fileID: 7828407003199495260}
  serializedVersion: 2
  m_LocalRotation: {x: -0, y: -0, z: -0, w: 1}
  m_LocalPosition: {x: 0, y: 1, z: 0}
  m_LocalScale: {x: 1, y: 1, z: 1}
  m_ConstrainProportionsScale: 0
  m_Children: []
  m_Father: {fileID: 7784055857711364479}
  m_LocalEulerAnglesHint: {x: 0, y: 0, z: 0}
--- !u!82 &8266898523291246175
AudioSource:
  m_ObjectHideFlags: 0
  m_CorrespondingSourceObject: {fileID: 0}
  m_PrefabInstance: {fileID: 0}
  m_PrefabAsset: {fileID: 0}
  m_GameObject: {fileID: 7828407003199495260}
  m_Enabled: 1
  serializedVersion: 4
  OutputAudioMixerGroup: {fileID: 0}
  m_audioClip: {fileID: 0}
  m_PlayOnAwake: 1
  m_Volume: 1
  m_Pitch: 1
  Loop: 0
  Mute: 0
  Spatialize: 0
  SpatializePostEffects: 0
  Priority: 16
  DopplerLevel: 0
  MinDistance: 57.858875
  MaxDistance: 120.584694
  Pan2D: 0
  rolloffMode: 2
  BypassEffects: 0
  BypassListenerEffects: 0
  BypassReverbZones: 0
  rolloffCustomCurve:
    serializedVersion: 2
    m_Curve:
    - serializedVersion: 3
      time: 0
      value: 1
      inSlope: 0
      outSlope: 0
      tangentMode: 0
      weightedMode: 0
      inWeight: 0.33333334
      outWeight: 0.33333334
    - serializedVersion: 3
      time: 0.69646186
      value: 0.49618387
      inSlope: -2.0728443
      outSlope: -2.0728443
      tangentMode: 0
      weightedMode: 0
      inWeight: 0.041733496
      outWeight: 0.17920901
    - serializedVersion: 3
      time: 0.85173845
      value: 0.10109827
      inSlope: -1.4955534
      outSlope: -1.4955534
      tangentMode: 0
      weightedMode: 0
      inWeight: 0.56713176
      outWeight: 0.5719908
    - serializedVersion: 3
      time: 1
      value: 0
      inSlope: -0.27076796
      outSlope: -0.27076796
      tangentMode: 0
      weightedMode: 0
      inWeight: 0.56083983
      outWeight: 0.33333334
    m_PreInfinity: 2
    m_PostInfinity: 2
    m_RotationOrder: 4
  panLevelCustomCurve:
    serializedVersion: 2
    m_Curve:
    - serializedVersion: 3
      time: 0
      value: 0
      inSlope: 0
      outSlope: 0
      tangentMode: 0
      weightedMode: 0
      inWeight: 0.33333334
      outWeight: 0.33333334
    m_PreInfinity: 2
    m_PostInfinity: 2
    m_RotationOrder: 4
  spreadCustomCurve:
    serializedVersion: 2
    m_Curve:
    - serializedVersion: 3
      time: 0
      value: 1
      inSlope: 0
      outSlope: 0
      tangentMode: 0
      weightedMode: 0
      inWeight: 0.33333334
      outWeight: 0.33333334
    m_PreInfinity: 2
    m_PostInfinity: 2
    m_RotationOrder: 4
  reverbZoneMixCustomCurve:
    serializedVersion: 2
    m_Curve:
    - serializedVersion: 3
      time: 0
      value: 0.5
      inSlope: 0
      outSlope: 0
      tangentMode: 0
      weightedMode: 0
      inWeight: 0.33333334
      outWeight: 0.33333334
    m_PreInfinity: 2
    m_PostInfinity: 2
    m_RotationOrder: 4
--- !u!1 &8974670222176274082
GameObject:
  m_ObjectHideFlags: 0
  m_CorrespondingSourceObject: {fileID: 0}
  m_PrefabInstance: {fileID: 0}
  m_PrefabAsset: {fileID: 0}
  serializedVersion: 6
  m_Component:
  - component: {fileID: 8974670222176274083}
  - component: {fileID: 217257081300627268}
  - component: {fileID: 8974670222176274084}
  - component: {fileID: 4889529737113258300}
  - component: {fileID: 6330331665909718404}
  - component: {fileID: 7551748016185787427}
  m_Layer: 8
  m_Name: AVProHQ
  m_TagString: Untagged
  m_Icon: {fileID: 0}
  m_NavMeshLayer: 0
  m_StaticEditorFlags: 0
  m_IsActive: 0
--- !u!4 &8974670222176274083
Transform:
  m_ObjectHideFlags: 0
  m_CorrespondingSourceObject: {fileID: 0}
  m_PrefabInstance: {fileID: 0}
  m_PrefabAsset: {fileID: 0}
  m_GameObject: {fileID: 8974670222176274082}
  serializedVersion: 2
  m_LocalRotation: {x: -0, y: -0, z: -0, w: 1}
  m_LocalPosition: {x: 0, y: 0, z: 0}
  m_LocalScale: {x: 1, y: 1, z: 1}
  m_ConstrainProportionsScale: 0
  m_Children: []
  m_Father: {fileID: 1306476264489883876}
  m_LocalEulerAnglesHint: {x: 0, y: 0, z: 0}
--- !u!114 &217257081300627268
MonoBehaviour:
  m_ObjectHideFlags: 0
  m_CorrespondingSourceObject: {fileID: 0}
  m_PrefabInstance: {fileID: 0}
  m_PrefabAsset: {fileID: 0}
  m_GameObject: {fileID: 8974670222176274082}
  m_Enabled: 1
  m_EditorHideFlags: 0
  m_Script: {fileID: 11500000, guid: 50a79e026e55cb040a96beb72e202645, type: 3}
  m_Name: 
  m_EditorClassIdentifier: 
  serializationData:
    SerializedFormat: 2
    SerializedBytes: 
    ReferencedUnityObjects: []
    SerializedBytesString: 
    Prefab: {fileID: 0}
    PrefabModificationsReferencedUnityObjects: []
    PrefabModifications: []
    SerializationNodes: []
  _udonSharpBackingUdonBehaviour: {fileID: 7551748016185787427}
  _maxLogLevel: 4
  _logger: {fileID: 0}
  customLabel: AVPro Best
  autoManageVolume: 1
  autoManageMute: 1
  screens: []
  spatialSpeakers:
  - {fileID: 8974670222207267789}
  - {fileID: 1114424524473131056}
  managedSpatialVolume: 0101
  managedSpatialMute: 0101
  stereoSpeakers:
  - {fileID: 8974670222207267789}
  - {fileID: 1114424524473131056}
  managedStereoVolume: 0101
  managedStereoMute: 0101
  isAVPro: 0
  matRenderer: {fileID: 0}
--- !u!114 &8974670222176274084
MonoBehaviour:
  m_ObjectHideFlags: 0
  m_CorrespondingSourceObject: {fileID: 0}
  m_PrefabInstance: {fileID: 0}
  m_PrefabAsset: {fileID: 0}
  m_GameObject: {fileID: 8974670222176274082}
  m_Enabled: 1
  m_EditorHideFlags: 0
  m_Script: {fileID: -1743794047, guid: 661092b4961be7145bfbe56e1e62337b, type: 3}
  m_Name: 
  m_EditorClassIdentifier: 
  EnableAutomaticResync: 0
  videoURL:
    url: 
  autoPlay: 0
  loop: 0
  maximumResolution: 4320
  useLowLatency: 1
--- !u!114 &4889529737113258300
MonoBehaviour:
  m_ObjectHideFlags: 0
  m_CorrespondingSourceObject: {fileID: 0}
  m_PrefabInstance: {fileID: 0}
  m_PrefabAsset: {fileID: 0}
  m_GameObject: {fileID: 8974670222176274082}
  m_Enabled: 1
  m_EditorHideFlags: 0
  m_Script: {fileID: -1889044836, guid: 661092b4961be7145bfbe56e1e62337b, type: 3}
  m_Name: 
  m_EditorClassIdentifier: 
  videoPlayer: {fileID: 8974670222176274084}
  materialIndex: 0
  textureProperty: _MainTex
  useSharedMaterial: 0
--- !u!23 &6330331665909718404
MeshRenderer:
  m_ObjectHideFlags: 0
  m_CorrespondingSourceObject: {fileID: 0}
  m_PrefabInstance: {fileID: 0}
  m_PrefabAsset: {fileID: 0}
  m_GameObject: {fileID: 8974670222176274082}
  m_Enabled: 0
  m_CastShadows: 0
  m_ReceiveShadows: 0
  m_DynamicOccludee: 0
  m_StaticShadowCaster: 0
  m_MotionVectors: 2
  m_LightProbeUsage: 0
  m_ReflectionProbeUsage: 0
  m_RayTracingMode: 2
  m_RayTraceProcedural: 0
  m_RenderingLayerMask: 1
  m_RendererPriority: 0
  m_Materials:
  - {fileID: 0}
  m_StaticBatchInfo:
    firstSubMesh: 0
    subMeshCount: 0
  m_StaticBatchRoot: {fileID: 0}
  m_ProbeAnchor: {fileID: 0}
  m_LightProbeVolumeOverride: {fileID: 0}
  m_ScaleInLightmap: 1
  m_ReceiveGI: 1
  m_PreserveUVs: 0
  m_IgnoreNormalsForChartDetection: 0
  m_ImportantGI: 0
  m_StitchLightmapSeams: 0
  m_SelectedEditorRenderState: 3
  m_MinimumChartSize: 4
  m_AutoUVMaxDistance: 0.5
  m_AutoUVMaxAngle: 89
  m_LightmapParameters: {fileID: 0}
  m_SortingLayerID: 0
  m_SortingLayer: 0
  m_SortingOrder: 0
  m_AdditionalVertexStreams: {fileID: 0}
--- !u!114 &7551748016185787427
MonoBehaviour:
  m_ObjectHideFlags: 0
  m_CorrespondingSourceObject: {fileID: 0}
  m_PrefabInstance: {fileID: 0}
  m_PrefabAsset: {fileID: 0}
  m_GameObject: {fileID: 8974670222176274082}
  m_Enabled: 1
  m_EditorHideFlags: 0
  m_Script: {fileID: 11500000, guid: 45115577ef41a5b4ca741ed302693907, type: 3}
  m_Name: 
  m_EditorClassIdentifier: 
  interactTextPlacement: {fileID: 0}
  interactText: Use
  interactTextGO: {fileID: 0}
  proximity: 2
  SynchronizePosition: 0
  AllowCollisionOwnershipTransfer: 0
  Reliable: 0
  _syncMethod: 0
  serializedProgramAsset: {fileID: 11400000, guid: 9d97da8aac596384ba9db3249c74094a,
    type: 2}
  programSource: {fileID: 11400000, guid: 4441ca2fa614aad4b82e0296e1fc8af5, type: 2}
  serializedPublicVariablesBytesString: Ai8AAAAAATIAAABWAFIAQwAuAFUAZABvAG4ALgBDAG8AbQBtAG8AbgAuAFUAZABvAG4AVgBhAHIAaQBhAGIAbABlAFQAYQBiAGwAZQAsACAAVgBSAEMALgBVAGQAbwBuAC4AQwBvAG0AbQBvAG4AAAAAAAYBAAAAAAAAACcBBAAAAHQAeQBwAGUAAWgAAABTAHkAcwB0AGUAbQAuAEMAbwBsAGwAZQBjAHQAaQBvAG4AcwAuAEcAZQBuAGUAcgBpAGMALgBMAGkAcwB0AGAAMQBbAFsAVgBSAEMALgBVAGQAbwBuAC4AQwBvAG0AbQBvAG4ALgBJAG4AdABlAHIAZgBhAGMAZQBzAC4ASQBVAGQAbwBuAFYAYQByAGkAYQBiAGwAZQAsACAAVgBSAEMALgBVAGQAbwBuAC4AQwBvAG0AbQBvAG4AXQBdACwAIABtAHMAYwBvAHIAbABpAGIAAQEJAAAAVgBhAHIAaQBhAGIAbABlAHMALwEAAAABaAAAAFMAeQBzAHQAZQBtAC4AQwBvAGwAbABlAGMAdABpAG8AbgBzAC4ARwBlAG4AZQByAGkAYwAuAEwAaQBzAHQAYAAxAFsAWwBWAFIAQwAuAFUAZABvAG4ALgBDAG8AbQBtAG8AbgAuAEkAbgB0AGUAcgBmAGEAYwBlAHMALgBJAFUAZABvAG4AVgBhAHIAaQBhAGIAbABlACwAIABWAFIAQwAuAFUAZABvAG4ALgBDAG8AbQBtAG8AbgBdAF0ALAAgAG0AcwBjAG8AcgBsAGkAYgABAAAABgEAAAAAAAAAAi8CAAAAAUkAAABWAFIAQwAuAFUAZABvAG4ALgBDAG8AbQBtAG8AbgAuAFUAZABvAG4AVgBhAHIAaQBhAGIAbABlAGAAMQBbAFsAUwB5AHMAdABlAG0ALgBJAG4AdAAzADIALAAgAG0AcwBjAG8AcgBsAGkAYgBdAF0ALAAgAFYAUgBDAC4AVQBkAG8AbgAuAEMAbwBtAG0AbwBuAAIAAAAGAgAAAAAAAAAnAQQAAAB0AHkAcABlAAEXAAAAUwB5AHMAdABlAG0ALgBTAHQAcgBpAG4AZwAsACAAbQBzAGMAbwByAGwAaQBiACcBCgAAAFMAeQBtAGIAbwBsAE4AYQBtAGUAAR8AAABfAF8AXwBVAGQAbwBuAFMAaABhAHIAcABCAGUAaABhAHYAaQBvAHUAcgBWAGUAcgBzAGkAbwBuAF8AXwBfACcBBAAAAHQAeQBwAGUAARYAAABTAHkAcwB0AGUAbQAuAEkAbgB0ADMAMgAsACAAbQBzAGMAbwByAGwAaQBiABcBBQAAAFYAYQBsAHUAZQACAAAABwUHBQcF
  publicVariablesUnityEngineObjects: []
  publicVariablesSerializationDataFormat: 0
--- !u!1 &8974670222207267787
GameObject:
  m_ObjectHideFlags: 0
  m_CorrespondingSourceObject: {fileID: 0}
  m_PrefabInstance: {fileID: 0}
  m_PrefabAsset: {fileID: 0}
  serializedVersion: 6
  m_Component:
  - component: {fileID: 8974670222207267788}
  - component: {fileID: 8974670222207267790}
  - component: {fileID: 8974670222207267789}
  m_Layer: 8
  m_Name: AVProHQ Stereo
  m_TagString: Untagged
  m_Icon: {fileID: 0}
  m_NavMeshLayer: 0
  m_StaticEditorFlags: 0
  m_IsActive: 1
--- !u!4 &8974670222207267788
Transform:
  m_ObjectHideFlags: 0
  m_CorrespondingSourceObject: {fileID: 0}
  m_PrefabInstance: {fileID: 0}
  m_PrefabAsset: {fileID: 0}
  m_GameObject: {fileID: 8974670222207267787}
  serializedVersion: 2
  m_LocalRotation: {x: -0, y: -0, z: -0, w: 1}
  m_LocalPosition: {x: 0, y: 1, z: 0}
  m_LocalScale: {x: 1, y: 1, z: 1}
  m_ConstrainProportionsScale: 0
  m_Children: []
  m_Father: {fileID: 7784055857711364479}
  m_LocalEulerAnglesHint: {x: 0, y: 0, z: 0}
--- !u!114 &8974670222207267790
MonoBehaviour:
  m_ObjectHideFlags: 0
  m_CorrespondingSourceObject: {fileID: 0}
  m_PrefabInstance: {fileID: 0}
  m_PrefabAsset: {fileID: 0}
  m_GameObject: {fileID: 8974670222207267787}
  m_Enabled: 1
  m_EditorHideFlags: 0
  m_Script: {fileID: 1361866905, guid: 661092b4961be7145bfbe56e1e62337b, type: 3}
  m_Name: 
  m_EditorClassIdentifier: 
  videoPlayer: {fileID: 8974670222176274084}
  mode: 0
--- !u!82 &8974670222207267789
AudioSource:
  m_ObjectHideFlags: 0
  m_CorrespondingSourceObject: {fileID: 0}
  m_PrefabInstance: {fileID: 0}
  m_PrefabAsset: {fileID: 0}
  m_GameObject: {fileID: 8974670222207267787}
  m_Enabled: 1
  serializedVersion: 4
  OutputAudioMixerGroup: {fileID: 0}
  m_audioClip: {fileID: 0}
  m_PlayOnAwake: 1
  m_Volume: 1
  m_Pitch: 1
  Loop: 0
  Mute: 0
  Spatialize: 0
  SpatializePostEffects: 0
  Priority: 16
  DopplerLevel: 0
  MinDistance: 57.858875
  MaxDistance: 120.584694
  Pan2D: 0
  rolloffMode: 2
  BypassEffects: 0
  BypassListenerEffects: 0
  BypassReverbZones: 0
  rolloffCustomCurve:
    serializedVersion: 2
    m_Curve:
    - serializedVersion: 3
      time: 0
      value: 1
      inSlope: 0
      outSlope: 0
      tangentMode: 0
      weightedMode: 0
      inWeight: 0.33333334
      outWeight: 0.33333334
    - serializedVersion: 3
      time: 0.69646186
      value: 0.49618387
      inSlope: -2.0728443
      outSlope: -2.0728443
      tangentMode: 0
      weightedMode: 0
      inWeight: 0.041733496
      outWeight: 0.17920901
    - serializedVersion: 3
      time: 0.85173845
      value: 0.10109827
      inSlope: -1.4955534
      outSlope: -1.4955534
      tangentMode: 0
      weightedMode: 0
      inWeight: 0.56713176
      outWeight: 0.5719908
    - serializedVersion: 3
      time: 1
      value: 0
      inSlope: -0.27076796
      outSlope: -0.27076796
      tangentMode: 0
      weightedMode: 0
      inWeight: 0.56083983
      outWeight: 0.33333334
    m_PreInfinity: 2
    m_PostInfinity: 2
    m_RotationOrder: 4
  panLevelCustomCurve:
    serializedVersion: 2
    m_Curve:
    - serializedVersion: 3
      time: 0
      value: 0
      inSlope: 0
      outSlope: 0
      tangentMode: 0
      weightedMode: 0
      inWeight: 0.33333334
      outWeight: 0.33333334
    m_PreInfinity: 2
    m_PostInfinity: 2
    m_RotationOrder: 4
  spreadCustomCurve:
    serializedVersion: 2
    m_Curve:
    - serializedVersion: 3
      time: 0
      value: 1
      inSlope: 0
      outSlope: 0
      tangentMode: 0
      weightedMode: 0
      inWeight: 0.33333334
      outWeight: 0.33333334
    m_PreInfinity: 2
    m_PostInfinity: 2
    m_RotationOrder: 4
  reverbZoneMixCustomCurve:
    serializedVersion: 2
    m_Curve:
    - serializedVersion: 3
      time: 0
      value: 0.5
      inSlope: 0
      outSlope: 0
      tangentMode: 0
      weightedMode: 0
      inWeight: 0.33333334
      outWeight: 0.33333334
    m_PreInfinity: 2
    m_PostInfinity: 2
    m_RotationOrder: 4
--- !u!1 &8974670222357236746
GameObject:
  m_ObjectHideFlags: 0
  m_CorrespondingSourceObject: {fileID: 0}
  m_PrefabInstance: {fileID: 0}
  m_PrefabAsset: {fileID: 0}
  serializedVersion: 6
  m_Component:
  - component: {fileID: 8974670222357236748}
  - component: {fileID: 903207109034248519}
  - component: {fileID: 6408764128560598354}
  m_Layer: 8
  m_Name: Skybox Video (ProTV)
  m_TagString: Untagged
  m_Icon: {fileID: 0}
  m_NavMeshLayer: 0
  m_StaticEditorFlags: 0
  m_IsActive: 1
--- !u!4 &8974670222357236748
Transform:
  m_ObjectHideFlags: 0
  m_CorrespondingSourceObject: {fileID: 0}
  m_PrefabInstance: {fileID: 0}
  m_PrefabAsset: {fileID: 0}
  m_GameObject: {fileID: 8974670222357236746}
  serializedVersion: 2
  m_LocalRotation: {x: 0, y: 0, z: 0, w: 1}
  m_LocalPosition: {x: 0, y: 1.2, z: 0}
  m_LocalScale: {x: 1, y: 1, z: 1}
  m_ConstrainProportionsScale: 0
  m_Children:
  - {fileID: 1306476264489883876}
  - {fileID: 7784055857711364479}
  - {fileID: 6664397176296205442}
  - {fileID: 6393798226750661060}
  m_Father: {fileID: 0}
  m_LocalEulerAnglesHint: {x: 0, y: 0, z: 0}
--- !u!114 &903207109034248519
MonoBehaviour:
  m_ObjectHideFlags: 0
  m_CorrespondingSourceObject: {fileID: 0}
  m_PrefabInstance: {fileID: 0}
  m_PrefabAsset: {fileID: 0}
  m_GameObject: {fileID: 8974670222357236746}
  m_Enabled: 1
  m_EditorHideFlags: 0
  m_Script: {fileID: 11500000, guid: 4cf4a78af9b214148b38d0511f5ae751, type: 3}
  m_Name: 
  m_EditorClassIdentifier: 
  serializationData:
    SerializedFormat: 2
    SerializedBytes: 
    ReferencedUnityObjects: []
    SerializedBytesString: 
    Prefab: {fileID: 0}
    PrefabModificationsReferencedUnityObjects: []
    PrefabModifications: []
    SerializationNodes: []
  _udonSharpBackingUdonBehaviour: {fileID: 6408764128560598354}
  _maxLogLevel: 4
  _logger: {fileID: 0}
  LogLevelOverride: 0
  videoManagers:
  - {fileID: 217257081300627268}
  - {fileID: 4069508560162131845}
  - {fileID: 3498869678694761059}
  syncData: {fileID: 0}
  autoplayMainUrl:
    url: 
  autoplayAlternateUrl:
    url: 
  autoplayTitle: 
  autoplayLoop: 0
  autoplayStartOffset: 0
  defaultVideoManager: 0
  defaultVolume: 0.3
  startWith2DAudio: 0
  startWithVideoDisabled: 0
  syncToOwner: 1
  automaticResyncInterval: 600
  playDriftThreshold: Infinity
  pauseDriftThreshold: Infinity
  enforceSyncTweaks: 0
  syncVideoManagerSelection: 0
  syncVolumeControl: 0
  syncAudioMode: 0
  syncVideoMode: 0
  playVideoAfterLoad: 1
  bufferDelayAfterLoad: 0
  implicitReplayThreshold: 15
  maxAllowedLoadingTime: 30
  liveMediaAutoReloadInterval: 0
  preferAlternateUrlForQuest: 1
  enableReloadKeybind: 1
  reloadKey: 286
  allowMasterControl: 1
  allowFirstMasterControl: 1
  firstMasterIsSuper: 1
  instanceOwnerIsSuper: 1
  superUserLockOverride: 0
  lockedByDefault: 0
  enableAutoOwnership: 0
  disallowUnauthorizedUsers: 0
  playStateTakesOwnership: 0
  enforceDomainWhitelist: 0
  enableAuthUserDomainBypass: 1
  authorizedUsersAlwaysLogTrace: 1
  superUsersAlwaysLogTrace: 1
  defaultRetryCount: 0
  repeatingRetryDelay: 15
  retryUsingAlternateUrl: 1
  customTexture: {fileID: 0}
  autoResizeTexture: 1
  targetAspectRatio: 0
  applyAspectToResize: 0
  applyAspectToBlit: 0
  customTextureBrightness: 1
  blitMaterial: {fileID: 0}
  gammaZoneTransformMode: 0
  gammaZonePixelOrigin: {x: 0, y: 0}
  gammaZonePixelSize: {x: 0, y: 0}
  gammaZoneTiling: {x: 1, y: 1}
  gammaZoneOffset: {x: 0, y: 0}
  defaultStandbyTexture: {fileID: 2800000, guid: 3da6e2e029b71f340b86f231312c8e15,
    type: 3}
  soundOnlyTexture: {fileID: 0}
  errorTexture: {fileID: 0}
  loadingTexture: {fileID: 0}
  standby3dMode: 0
  standby3dModeSize: 0
  standbyOnMediaEnd: 1
  standbyOnMediaPause: 0
  customMaterials:
  - {fileID: 2100000, guid: 0717fc01a73e59e4d9292f27debbbbd9, type: 2}
  customMaterialProperties:
  - _VideoTex
  enableGSV: 0
  textureTransformMode: 0
  texturePixelOrigin: {x: 0, y: 0}
  texturePixelSize: {x: 0, y: 0}
  textureTiling: {x: 1, y: 1}
  textureOffset: {x: 0, y: 0}
  bakeGlobalVideoTexture: 0
  startDisabled: 0
  stopMediaWhenDisabled: 0
  versionNumber: 3.0.0-beta.19
  gsvfixcheck: 1
  updateIntervalFrames: 1
  customMaterial: {fileID: 0}
  customMaterialProperty: _VideoTex
  authPlugin: {fileID: 6392941586831798366}
  domainWhitelist:
  - soundcloud.com
  - facebook.com
  - nicovideo.jp
  - twitch.tv
  - vimeo.com
  - youku.com
  - youtube.com
  - youtu.be
  - vrcdn.live
  - vrcdn.video
  - ciel.topaz.chat
  - mixcloud.com
  - streamable.com
  - bandcamp.com
  - bilibili.tv
--- !u!114 &6408764128560598354
MonoBehaviour:
  m_ObjectHideFlags: 0
  m_CorrespondingSourceObject: {fileID: 0}
  m_PrefabInstance: {fileID: 0}
  m_PrefabAsset: {fileID: 0}
  m_GameObject: {fileID: 8974670222357236746}
  m_Enabled: 1
  m_EditorHideFlags: 0
  m_Script: {fileID: 11500000, guid: 45115577ef41a5b4ca741ed302693907, type: 3}
  m_Name: 
  m_EditorClassIdentifier: 
  interactTextPlacement: {fileID: 0}
  interactText: Use
  interactTextGO: {fileID: 0}
  proximity: 2
  SynchronizePosition: 0
  AllowCollisionOwnershipTransfer: 0
  Reliable: 0
  _syncMethod: 3
  serializedProgramAsset: {fileID: 11400000, guid: 6b940f29e3e463e4ba9526ae09a50403,
    type: 2}
  programSource: {fileID: 11400000, guid: 758b3974dc10ae445a6ce060183f4682, type: 2}
  serializedPublicVariablesBytesString: Ai8AAAAAATIAAABWAFIAQwAuAFUAZABvAG4ALgBDAG8AbQBtAG8AbgAuAFUAZABvAG4AVgBhAHIAaQBhAGIAbABlAFQAYQBiAGwAZQAsACAAVgBSAEMALgBVAGQAbwBuAC4AQwBvAG0AbQBvAG4AAAAAAAYBAAAAAAAAACcBBAAAAHQAeQBwAGUAAWgAAABTAHkAcwB0AGUAbQAuAEMAbwBsAGwAZQBjAHQAaQBvAG4AcwAuAEcAZQBuAGUAcgBpAGMALgBMAGkAcwB0AGAAMQBbAFsAVgBSAEMALgBVAGQAbwBuAC4AQwBvAG0AbQBvAG4ALgBJAG4AdABlAHIAZgBhAGMAZQBzAC4ASQBVAGQAbwBuAFYAYQByAGkAYQBiAGwAZQAsACAAVgBSAEMALgBVAGQAbwBuAC4AQwBvAG0AbQBvAG4AXQBdACwAIABtAHMAYwBvAHIAbABpAGIAAQEJAAAAVgBhAHIAaQBhAGIAbABlAHMALwEAAAABaAAAAFMAeQBzAHQAZQBtAC4AQwBvAGwAbABlAGMAdABpAG8AbgBzAC4ARwBlAG4AZQByAGkAYwAuAEwAaQBzAHQAYAAxAFsAWwBWAFIAQwAuAFUAZABvAG4ALgBDAG8AbQBtAG8AbgAuAEkAbgB0AGUAcgBmAGEAYwBlAHMALgBJAFUAZABvAG4AVgBhAHIAaQBhAGIAbABlACwAIABWAFIAQwAuAFUAZABvAG4ALgBDAG8AbQBtAG8AbgBdAF0ALAAgAG0AcwBjAG8AcgBsAGkAYgABAAAABgIAAAAAAAAAAi8CAAAAAUkAAABWAFIAQwAuAFUAZABvAG4ALgBDAG8AbQBtAG8AbgAuAFUAZABvAG4AVgBhAHIAaQBhAGIAbABlAGAAMQBbAFsAUwB5AHMAdABlAG0ALgBJAG4AdAAzADIALAAgAG0AcwBjAG8AcgBsAGkAYgBdAF0ALAAgAFYAUgBDAC4AVQBkAG8AbgAuAEMAbwBtAG0AbwBuAAIAAAAGAgAAAAAAAAAnAQQAAAB0AHkAcABlAAEXAAAAUwB5AHMAdABlAG0ALgBTAHQAcgBpAG4AZwAsACAAbQBzAGMAbwByAGwAaQBiACcBCgAAAFMAeQBtAGIAbwBsAE4AYQBtAGUAAR8AAABfAF8AXwBVAGQAbwBuAFMAaABhAHIAcABCAGUAaABhAHYAaQBvAHUAcgBWAGUAcgBzAGkAbwBuAF8AXwBfACcBBAAAAHQAeQBwAGUAARYAAABTAHkAcwB0AGUAbQAuAEkAbgB0ADMAMgAsACAAbQBzAGMAbwByAGwAaQBiABcBBQAAAFYAYQBsAHUAZQACAAAABwUCLwMAAAABSwAAAFYAUgBDAC4AVQBkAG8AbgAuAEMAbwBtAG0AbwBuAC4AVQBkAG8AbgBWAGEAcgBpAGEAYgBsAGUAYAAxAFsAWwBTAHkAcwB0AGUAbQAuAEIAbwBvAGwAZQBhAG4ALAAgAG0AcwBjAG8AcgBsAGkAYgBdAF0ALAAgAFYAUgBDAC4AVQBkAG8AbgAuAEMAbwBtAG0AbwBuAAMAAAAGAgAAAAAAAAAnAQQAAAB0AHkAcABlAAEXAAAAUwB5AHMAdABlAG0ALgBTAHQAcgBpAG4AZwAsACAAbQBzAGMAbwByAGwAaQBiACcBCgAAAFMAeQBtAGIAbwBsAE4AYQBtAGUAAS4AAABfAF8AXwBVAGQAbwBuAFMAaABhAHIAcABCAGUAaABhAHYAaQBvAHUAcgBQAGUAcgBzAGkAcwB0AEQAYQB0AGEARgByAG8AbQBVAHAAZwByAGEAZABlAF8AXwBfACcBBAAAAHQAeQBwAGUAARgAAABTAHkAcwB0AGUAbQAuAEIAbwBvAGwAZQBhAG4ALAAgAG0AcwBjAG8AcgBsAGkAYgArAQUAAABWAGEAbAB1AGUAAQcFBwUHBQ==
  publicVariablesUnityEngineObjects: []
  publicVariablesSerializationDataFormat: 0
--- !u!1 &8974670222387255555
GameObject:
  m_ObjectHideFlags: 0
  m_CorrespondingSourceObject: {fileID: 0}
  m_PrefabInstance: {fileID: 0}
  m_PrefabAsset: {fileID: 0}
  serializedVersion: 6
  m_Component:
  - component: {fileID: 8974670222387255556}
  - component: {fileID: 5320737693211238441}
  - component: {fileID: 4706919578253033337}
  m_Layer: 8
  m_Name: TVData
  m_TagString: Untagged
  m_Icon: {fileID: 0}
  m_NavMeshLayer: 0
  m_StaticEditorFlags: 0
  m_IsActive: 1
--- !u!4 &8974670222387255556
Transform:
  m_ObjectHideFlags: 0
  m_CorrespondingSourceObject: {fileID: 0}
  m_PrefabInstance: {fileID: 0}
  m_PrefabAsset: {fileID: 0}
  m_GameObject: {fileID: 8974670222387255555}
  serializedVersion: 2
  m_LocalRotation: {x: -0, y: -0, z: -0, w: 1}
  m_LocalPosition: {x: 0, y: 0, z: 0}
  m_LocalScale: {x: 1, y: 1, z: 1}
  m_ConstrainProportionsScale: 0
  m_Children: []
  m_Father: {fileID: 1306476264489883876}
  m_LocalEulerAnglesHint: {x: 0, y: 0, z: 0}
--- !u!114 &5320737693211238441
MonoBehaviour:
  m_ObjectHideFlags: 0
  m_CorrespondingSourceObject: {fileID: 0}
  m_PrefabInstance: {fileID: 0}
  m_PrefabAsset: {fileID: 0}
  m_GameObject: {fileID: 8974670222387255555}
  m_Enabled: 1
  m_EditorHideFlags: 0
  m_Script: {fileID: 11500000, guid: b38e306fe34fd844db92015e96ed647d, type: 3}
  m_Name: 
  m_EditorClassIdentifier: 
  serializationData:
    SerializedFormat: 2
    SerializedBytes: 
    ReferencedUnityObjects: []
    SerializedBytesString: 
    Prefab: {fileID: 0}
    PrefabModificationsReferencedUnityObjects: []
    PrefabModifications: []
    SerializationNodes: []
  _udonSharpBackingUdonBehaviour: {fileID: 4706919578253033337}
  _maxLogLevel: 4
  _logger: {fileID: 0}
--- !u!114 &4706919578253033337
MonoBehaviour:
  m_ObjectHideFlags: 0
  m_CorrespondingSourceObject: {fileID: 0}
  m_PrefabInstance: {fileID: 0}
  m_PrefabAsset: {fileID: 0}
  m_GameObject: {fileID: 8974670222387255555}
  m_Enabled: 1
  m_EditorHideFlags: 0
  m_Script: {fileID: 11500000, guid: 45115577ef41a5b4ca741ed302693907, type: 3}
  m_Name: 
  m_EditorClassIdentifier: 
  interactTextPlacement: {fileID: 0}
  interactText: Use
  interactTextGO: {fileID: 0}
  proximity: 2
  SynchronizePosition: 0
  AllowCollisionOwnershipTransfer: 0
  Reliable: 0
  _syncMethod: 3
  serializedProgramAsset: {fileID: 11400000, guid: 76977a3569d167b4085150d831ac8a5a,
    type: 2}
  programSource: {fileID: 11400000, guid: 271473fa6da89404181a3a567bbc3cc1, type: 2}
  serializedPublicVariablesBytesString: Ai8AAAAAATIAAABWAFIAQwAuAFUAZABvAG4ALgBDAG8AbQBtAG8AbgAuAFUAZABvAG4AVgBhAHIAaQBhAGIAbABlAFQAYQBiAGwAZQAsACAAVgBSAEMALgBVAGQAbwBuAC4AQwBvAG0AbQBvAG4AAAAAAAYBAAAAAAAAACcBBAAAAHQAeQBwAGUAAWgAAABTAHkAcwB0AGUAbQAuAEMAbwBsAGwAZQBjAHQAaQBvAG4AcwAuAEcAZQBuAGUAcgBpAGMALgBMAGkAcwB0AGAAMQBbAFsAVgBSAEMALgBVAGQAbwBuAC4AQwBvAG0AbQBvAG4ALgBJAG4AdABlAHIAZgBhAGMAZQBzAC4ASQBVAGQAbwBuAFYAYQByAGkAYQBiAGwAZQAsACAAVgBSAEMALgBVAGQAbwBuAC4AQwBvAG0AbQBvAG4AXQBdACwAIABtAHMAYwBvAHIAbABpAGIAAQEJAAAAVgBhAHIAaQBhAGIAbABlAHMALwEAAAABaAAAAFMAeQBzAHQAZQBtAC4AQwBvAGwAbABlAGMAdABpAG8AbgBzAC4ARwBlAG4AZQByAGkAYwAuAEwAaQBzAHQAYAAxAFsAWwBWAFIAQwAuAFUAZABvAG4ALgBDAG8AbQBtAG8AbgAuAEkAbgB0AGUAcgBmAGEAYwBlAHMALgBJAFUAZABvAG4AVgBhAHIAaQBhAGIAbABlACwAIABWAFIAQwAuAFUAZABvAG4ALgBDAG8AbQBtAG8AbgBdAF0ALAAgAG0AcwBjAG8AcgBsAGkAYgABAAAABgEAAAAAAAAAAi8CAAAAAUkAAABWAFIAQwAuAFUAZABvAG4ALgBDAG8AbQBtAG8AbgAuAFUAZABvAG4AVgBhAHIAaQBhAGIAbABlAGAAMQBbAFsAUwB5AHMAdABlAG0ALgBJAG4AdAAzADIALAAgAG0AcwBjAG8AcgBsAGkAYgBdAF0ALAAgAFYAUgBDAC4AVQBkAG8AbgAuAEMAbwBtAG0AbwBuAAIAAAAGAgAAAAAAAAAnAQQAAAB0AHkAcABlAAEXAAAAUwB5AHMAdABlAG0ALgBTAHQAcgBpAG4AZwAsACAAbQBzAGMAbwByAGwAaQBiACcBCgAAAFMAeQBtAGIAbwBsAE4AYQBtAGUAAR8AAABfAF8AXwBVAGQAbwBuAFMAaABhAHIAcABCAGUAaABhAHYAaQBvAHUAcgBWAGUAcgBzAGkAbwBuAF8AXwBfACcBBAAAAHQAeQBwAGUAARYAAABTAHkAcwB0AGUAbQAuAEkAbgB0ADMAMgAsACAAbQBzAGMAbwByAGwAaQBiABcBBQAAAFYAYQBsAHUAZQACAAAABwUHBQcF
  publicVariablesUnityEngineObjects: []
  publicVariablesSerializationDataFormat: 0
--- !u!1001 &4348054777521559693
PrefabInstance:
  m_ObjectHideFlags: 0
  serializedVersion: 2
  m_Modification:
    serializedVersion: 3
    m_TransformParent: {fileID: 8974670222357236748}
    m_Modifications:
    - target: {fileID: 120306786450750852, guid: fef500cd21b423e4b97a098a6f33ee2c,
        type: 3}
      propertyPath: m_AnchorMax.x
      value: 0
      objectReference: {fileID: 0}
    - target: {fileID: 120306786450750852, guid: fef500cd21b423e4b97a098a6f33ee2c,
        type: 3}
      propertyPath: m_AnchorMax.y
      value: 0
      objectReference: {fileID: 0}
    - target: {fileID: 120306786450750852, guid: fef500cd21b423e4b97a098a6f33ee2c,
        type: 3}
      propertyPath: m_AnchorMin.y
      value: 0
      objectReference: {fileID: 0}
    - target: {fileID: 481263598064297720, guid: fef500cd21b423e4b97a098a6f33ee2c,
        type: 3}
      propertyPath: tv
      value: 
      objectReference: {fileID: 903207109034248519}
    - target: {fileID: 481263598064297720, guid: fef500cd21b423e4b97a098a6f33ee2c,
        type: 3}
      propertyPath: serializationData.Prefab
      value: 
      objectReference: {fileID: 481263598064297720, guid: fef500cd21b423e4b97a098a6f33ee2c,
        type: 3}
    - target: {fileID: 1227196771994807788, guid: fef500cd21b423e4b97a098a6f33ee2c,
        type: 3}
      propertyPath: tv
      value: 
      objectReference: {fileID: 903207109034248519}
    - target: {fileID: 1227196771994807788, guid: fef500cd21b423e4b97a098a6f33ee2c,
        type: 3}
      propertyPath: serializationData.Prefab
      value: 
      objectReference: {fileID: 0}
    - target: {fileID: 1227196771994807788, guid: fef500cd21b423e4b97a098a6f33ee2c,
        type: 3}
      propertyPath: serializationData.SerializedFormat
      value: 0
      objectReference: {fileID: 0}
    - target: {fileID: 1242596096920469667, guid: fef500cd21b423e4b97a098a6f33ee2c,
        type: 3}
      propertyPath: m_RootOrder
      value: 2
      objectReference: {fileID: 0}
    - target: {fileID: 1483307152808172312, guid: fef500cd21b423e4b97a098a6f33ee2c,
        type: 3}
      propertyPath: serializationData.Prefab
      value: 
      objectReference: {fileID: 1483307152808172312, guid: fef500cd21b423e4b97a098a6f33ee2c,
        type: 3}
    - target: {fileID: 1585619074082436752, guid: fef500cd21b423e4b97a098a6f33ee2c,
        type: 3}
      propertyPath: m_AnchorMax.x
      value: 0
      objectReference: {fileID: 0}
    - target: {fileID: 1585619074082436752, guid: fef500cd21b423e4b97a098a6f33ee2c,
        type: 3}
      propertyPath: m_AnchorMax.y
      value: 0
      objectReference: {fileID: 0}
    - target: {fileID: 1585619074082436752, guid: fef500cd21b423e4b97a098a6f33ee2c,
        type: 3}
      propertyPath: m_AnchorMin.y
      value: 0
      objectReference: {fileID: 0}
    - target: {fileID: 2234689522174805723, guid: fef500cd21b423e4b97a098a6f33ee2c,
        type: 3}
      propertyPath: m_RootOrder
      value: 1
      objectReference: {fileID: 0}
    - target: {fileID: 2744864000591146494, guid: fef500cd21b423e4b97a098a6f33ee2c,
        type: 3}
      propertyPath: serializationData.Prefab
      value: 
      objectReference: {fileID: 0}
    - target: {fileID: 2744864000591146494, guid: fef500cd21b423e4b97a098a6f33ee2c,
        type: 3}
      propertyPath: serializationData.SerializedFormat
      value: 0
      objectReference: {fileID: 0}
    - target: {fileID: 2804433734451709580, guid: fef500cd21b423e4b97a098a6f33ee2c,
        type: 3}
      propertyPath: serializationData.Prefab
      value: 
      objectReference: {fileID: 0}
    - target: {fileID: 2804433734451709580, guid: fef500cd21b423e4b97a098a6f33ee2c,
        type: 3}
      propertyPath: serializationData.SerializedFormat
      value: 0
      objectReference: {fileID: 0}
    - target: {fileID: 3549245354634284440, guid: fef500cd21b423e4b97a098a6f33ee2c,
        type: 3}
      propertyPath: serializationData.Prefab
      value: 
      objectReference: {fileID: 3549245354634284440, guid: fef500cd21b423e4b97a098a6f33ee2c,
        type: 3}
    - target: {fileID: 4633963986635047874, guid: fef500cd21b423e4b97a098a6f33ee2c,
        type: 3}
      propertyPath: tv
      value: 
      objectReference: {fileID: 903207109034248519}
    - target: {fileID: 4633963986635047874, guid: fef500cd21b423e4b97a098a6f33ee2c,
        type: 3}
      propertyPath: serializationData.Prefab
      value: 
      objectReference: {fileID: 4633963986635047874, guid: fef500cd21b423e4b97a098a6f33ee2c,
        type: 3}
    - target: {fileID: 4739414215099308680, guid: fef500cd21b423e4b97a098a6f33ee2c,
        type: 3}
      propertyPath: serializationData.Prefab
      value: 
      objectReference: {fileID: 4739414215099308680, guid: fef500cd21b423e4b97a098a6f33ee2c,
        type: 3}
    - target: {fileID: 7272241738129974675, guid: fef500cd21b423e4b97a098a6f33ee2c,
        type: 3}
      propertyPath: m_AnchorMax.x
      value: 0
      objectReference: {fileID: 0}
    - target: {fileID: 7272241738129974675, guid: fef500cd21b423e4b97a098a6f33ee2c,
        type: 3}
      propertyPath: m_AnchorMax.y
      value: 0
      objectReference: {fileID: 0}
    - target: {fileID: 7272241738731203093, guid: fef500cd21b423e4b97a098a6f33ee2c,
        type: 3}
      propertyPath: m_AnchorMax.x
      value: 0
      objectReference: {fileID: 0}
    - target: {fileID: 7272241738731203093, guid: fef500cd21b423e4b97a098a6f33ee2c,
        type: 3}
      propertyPath: m_AnchorMax.y
      value: 0
      objectReference: {fileID: 0}
    - target: {fileID: 7272241738896532106, guid: fef500cd21b423e4b97a098a6f33ee2c,
        type: 3}
      propertyPath: m_AnchorMax.x
      value: 0
      objectReference: {fileID: 0}
    - target: {fileID: 7272241738896532106, guid: fef500cd21b423e4b97a098a6f33ee2c,
        type: 3}
      propertyPath: m_AnchorMax.y
      value: 0
      objectReference: {fileID: 0}
    - target: {fileID: 7272241738896532106, guid: fef500cd21b423e4b97a098a6f33ee2c,
        type: 3}
      propertyPath: m_AnchorMin.x
      value: 0
      objectReference: {fileID: 0}
    - target: {fileID: 8306356334097526407, guid: fef500cd21b423e4b97a098a6f33ee2c,
        type: 3}
      propertyPath: m_AnchorMax.x
      value: 0
      objectReference: {fileID: 0}
    - target: {fileID: 8306356334097526407, guid: fef500cd21b423e4b97a098a6f33ee2c,
        type: 3}
      propertyPath: m_AnchorMax.y
      value: 0
      objectReference: {fileID: 0}
    - target: {fileID: 8306356334222740133, guid: fef500cd21b423e4b97a098a6f33ee2c,
        type: 3}
      propertyPath: m_RootOrder
      value: 0
      objectReference: {fileID: 0}
    - target: {fileID: 8306356334404643230, guid: fef500cd21b423e4b97a098a6f33ee2c,
        type: 3}
      propertyPath: m_AnchorMax.x
      value: 0
      objectReference: {fileID: 0}
    - target: {fileID: 8306356334404643230, guid: fef500cd21b423e4b97a098a6f33ee2c,
        type: 3}
      propertyPath: m_AnchorMax.y
      value: 0
      objectReference: {fileID: 0}
    - target: {fileID: 8306356334404643230, guid: fef500cd21b423e4b97a098a6f33ee2c,
        type: 3}
      propertyPath: m_AnchorMin.x
      value: 0
      objectReference: {fileID: 0}
    - target: {fileID: 8306356334511841537, guid: fef500cd21b423e4b97a098a6f33ee2c,
        type: 3}
      propertyPath: m_AnchorMax.x
      value: 0
      objectReference: {fileID: 0}
    - target: {fileID: 8306356334511841537, guid: fef500cd21b423e4b97a098a6f33ee2c,
        type: 3}
      propertyPath: m_AnchorMax.y
      value: 0
      objectReference: {fileID: 0}
    - target: {fileID: 8306356334997107293, guid: fef500cd21b423e4b97a098a6f33ee2c,
        type: 3}
      propertyPath: m_Pivot.x
      value: 0.5
      objectReference: {fileID: 0}
    - target: {fileID: 8306356334997107293, guid: fef500cd21b423e4b97a098a6f33ee2c,
        type: 3}
      propertyPath: m_Pivot.y
      value: 0
      objectReference: {fileID: 0}
    - target: {fileID: 8306356334997107293, guid: fef500cd21b423e4b97a098a6f33ee2c,
        type: 3}
      propertyPath: m_RootOrder
      value: 3
      objectReference: {fileID: 0}
    - target: {fileID: 8306356334997107293, guid: fef500cd21b423e4b97a098a6f33ee2c,
        type: 3}
      propertyPath: m_AnchorMax.x
      value: 0
      objectReference: {fileID: 0}
    - target: {fileID: 8306356334997107293, guid: fef500cd21b423e4b97a098a6f33ee2c,
        type: 3}
      propertyPath: m_AnchorMax.y
      value: 0
      objectReference: {fileID: 0}
    - target: {fileID: 8306356334997107293, guid: fef500cd21b423e4b97a098a6f33ee2c,
        type: 3}
      propertyPath: m_AnchorMin.x
      value: 0
      objectReference: {fileID: 0}
    - target: {fileID: 8306356334997107293, guid: fef500cd21b423e4b97a098a6f33ee2c,
        type: 3}
      propertyPath: m_AnchorMin.y
      value: 0
      objectReference: {fileID: 0}
    - target: {fileID: 8306356334997107293, guid: fef500cd21b423e4b97a098a6f33ee2c,
        type: 3}
      propertyPath: m_SizeDelta.x
      value: 280
      objectReference: {fileID: 0}
    - target: {fileID: 8306356334997107293, guid: fef500cd21b423e4b97a098a6f33ee2c,
        type: 3}
      propertyPath: m_SizeDelta.y
      value: 100
      objectReference: {fileID: 0}
    - target: {fileID: 8306356334997107293, guid: fef500cd21b423e4b97a098a6f33ee2c,
        type: 3}
      propertyPath: m_LocalPosition.x
      value: 0
      objectReference: {fileID: 0}
    - target: {fileID: 8306356334997107293, guid: fef500cd21b423e4b97a098a6f33ee2c,
        type: 3}
      propertyPath: m_LocalPosition.y
      value: 0
      objectReference: {fileID: 0}
    - target: {fileID: 8306356334997107293, guid: fef500cd21b423e4b97a098a6f33ee2c,
        type: 3}
      propertyPath: m_LocalPosition.z
      value: 0
      objectReference: {fileID: 0}
    - target: {fileID: 8306356334997107293, guid: fef500cd21b423e4b97a098a6f33ee2c,
        type: 3}
      propertyPath: m_LocalRotation.w
      value: 1
      objectReference: {fileID: 0}
    - target: {fileID: 8306356334997107293, guid: fef500cd21b423e4b97a098a6f33ee2c,
        type: 3}
      propertyPath: m_LocalRotation.x
      value: -0
      objectReference: {fileID: 0}
    - target: {fileID: 8306356334997107293, guid: fef500cd21b423e4b97a098a6f33ee2c,
        type: 3}
      propertyPath: m_LocalRotation.y
      value: -0
      objectReference: {fileID: 0}
    - target: {fileID: 8306356334997107293, guid: fef500cd21b423e4b97a098a6f33ee2c,
        type: 3}
      propertyPath: m_LocalRotation.z
      value: -0
      objectReference: {fileID: 0}
    - target: {fileID: 8306356334997107293, guid: fef500cd21b423e4b97a098a6f33ee2c,
        type: 3}
      propertyPath: m_AnchoredPosition.x
      value: 0
      objectReference: {fileID: 0}
    - target: {fileID: 8306356334997107293, guid: fef500cd21b423e4b97a098a6f33ee2c,
        type: 3}
      propertyPath: m_AnchoredPosition.y
      value: 0
      objectReference: {fileID: 0}
    - target: {fileID: 8306356334997107293, guid: fef500cd21b423e4b97a098a6f33ee2c,
        type: 3}
      propertyPath: m_LocalEulerAnglesHint.x
      value: 0
      objectReference: {fileID: 0}
    - target: {fileID: 8306356334997107293, guid: fef500cd21b423e4b97a098a6f33ee2c,
        type: 3}
      propertyPath: m_LocalEulerAnglesHint.y
      value: 0
      objectReference: {fileID: 0}
    - target: {fileID: 8306356334997107293, guid: fef500cd21b423e4b97a098a6f33ee2c,
        type: 3}
      propertyPath: m_LocalEulerAnglesHint.z
      value: 0
      objectReference: {fileID: 0}
    - target: {fileID: 8306356334997107294, guid: fef500cd21b423e4b97a098a6f33ee2c,
        type: 3}
      propertyPath: m_Name
      value: MediaControls V1 (Color)
      objectReference: {fileID: 0}
    - target: {fileID: 8427013051921492488, guid: fef500cd21b423e4b97a098a6f33ee2c,
        type: 3}
      propertyPath: serializationData.Prefab
      value: 
      objectReference: {fileID: 8427013051921492488, guid: fef500cd21b423e4b97a098a6f33ee2c,
        type: 3}
    m_RemovedComponents: []
    m_RemovedGameObjects: []
    m_AddedGameObjects: []
    m_AddedComponents: []
  m_SourcePrefab: {fileID: 100100000, guid: fef500cd21b423e4b97a098a6f33ee2c, type: 3}
--- !u!224 &6393798226750661060 stripped
RectTransform:
  m_CorrespondingSourceObject: {fileID: 7272241739319097673, guid: fef500cd21b423e4b97a098a6f33ee2c,
    type: 3}
  m_PrefabInstance: {fileID: 4348054777521559693}
  m_PrefabAsset: {fileID: 0}
--- !u!1001 &4393621571150137270
PrefabInstance:
  m_ObjectHideFlags: 0
  serializedVersion: 2
  m_Modification:
    serializedVersion: 3
    m_TransformParent: {fileID: 8974670222357236748}
    m_Modifications:
    - target: {fileID: 2797915311132322090, guid: 41b2d4f6f35b00c4ca1f147bd3df36a7,
        type: 3}
      propertyPath: m_TargetGraphic
      value: 
      objectReference: {fileID: 8381421647985610932}
    - target: {fileID: 2798621595209364413, guid: 41b2d4f6f35b00c4ca1f147bd3df36a7,
        type: 3}
      propertyPath: m_Name
      value: SkyboxSwapper
      objectReference: {fileID: 0}
    - target: {fileID: 4650749052237145377, guid: 41b2d4f6f35b00c4ca1f147bd3df36a7,
        type: 3}
      propertyPath: m_TargetGraphic
      value: 
      objectReference: {fileID: 8155749912032068628}
    - target: {fileID: 5425112493298841962, guid: 41b2d4f6f35b00c4ca1f147bd3df36a7,
        type: 3}
      propertyPath: m_OnValueChanged.m_PersistentCalls.m_Calls.Array.data[0].m_TargetAssemblyTypeName
      value: VRC.Udon.UdonBehaviour, VRC.Udon
      objectReference: {fileID: 0}
    - target: {fileID: 5749783997098226112, guid: 41b2d4f6f35b00c4ca1f147bd3df36a7,
        type: 3}
      propertyPath: m_TargetGraphic
      value: 
      objectReference: {fileID: 6596867653951402291}
    - target: {fileID: 5872221215502408991, guid: 41b2d4f6f35b00c4ca1f147bd3df36a7,
        type: 3}
      propertyPath: m_TargetGraphic
      value: 
      objectReference: {fileID: 9069977138952319234}
    - target: {fileID: 6078345006826286911, guid: 41b2d4f6f35b00c4ca1f147bd3df36a7,
        type: 3}
      propertyPath: m_AnchorMax.x
      value: 0
      objectReference: {fileID: 0}
    - target: {fileID: 6078345006826286911, guid: 41b2d4f6f35b00c4ca1f147bd3df36a7,
        type: 3}
      propertyPath: m_AnchorMax.y
      value: 0
      objectReference: {fileID: 0}
    - target: {fileID: 6078345006826286911, guid: 41b2d4f6f35b00c4ca1f147bd3df36a7,
        type: 3}
      propertyPath: m_AnchorMin.x
      value: 0
      objectReference: {fileID: 0}
    - target: {fileID: 6234902127508701973, guid: 41b2d4f6f35b00c4ca1f147bd3df36a7,
        type: 3}
      propertyPath: m_AnchorMax.x
      value: 0
      objectReference: {fileID: 0}
    - target: {fileID: 6234902127508701973, guid: 41b2d4f6f35b00c4ca1f147bd3df36a7,
        type: 3}
      propertyPath: m_AnchorMax.y
      value: 0
      objectReference: {fileID: 0}
    - target: {fileID: 6955236119615482676, guid: 41b2d4f6f35b00c4ca1f147bd3df36a7,
        type: 3}
      propertyPath: m_RootOrder
      value: 2
      objectReference: {fileID: 0}
    - target: {fileID: 6955236119615482676, guid: 41b2d4f6f35b00c4ca1f147bd3df36a7,
        type: 3}
      propertyPath: m_LocalPosition.x
      value: 0
      objectReference: {fileID: 0}
    - target: {fileID: 6955236119615482676, guid: 41b2d4f6f35b00c4ca1f147bd3df36a7,
        type: 3}
      propertyPath: m_LocalPosition.y
      value: 0.451
      objectReference: {fileID: 0}
    - target: {fileID: 6955236119615482676, guid: 41b2d4f6f35b00c4ca1f147bd3df36a7,
        type: 3}
      propertyPath: m_LocalPosition.z
      value: 0
      objectReference: {fileID: 0}
    - target: {fileID: 6955236119615482676, guid: 41b2d4f6f35b00c4ca1f147bd3df36a7,
        type: 3}
      propertyPath: m_LocalRotation.w
      value: 1
      objectReference: {fileID: 0}
    - target: {fileID: 6955236119615482676, guid: 41b2d4f6f35b00c4ca1f147bd3df36a7,
        type: 3}
      propertyPath: m_LocalRotation.x
      value: -0
      objectReference: {fileID: 0}
    - target: {fileID: 6955236119615482676, guid: 41b2d4f6f35b00c4ca1f147bd3df36a7,
        type: 3}
      propertyPath: m_LocalRotation.y
      value: -0
      objectReference: {fileID: 0}
    - target: {fileID: 6955236119615482676, guid: 41b2d4f6f35b00c4ca1f147bd3df36a7,
        type: 3}
      propertyPath: m_LocalRotation.z
      value: -0
      objectReference: {fileID: 0}
    - target: {fileID: 6955236119615482676, guid: 41b2d4f6f35b00c4ca1f147bd3df36a7,
        type: 3}
      propertyPath: m_LocalEulerAnglesHint.x
      value: 0
      objectReference: {fileID: 0}
    - target: {fileID: 6955236119615482676, guid: 41b2d4f6f35b00c4ca1f147bd3df36a7,
        type: 3}
      propertyPath: m_LocalEulerAnglesHint.y
      value: 0
      objectReference: {fileID: 0}
    - target: {fileID: 6955236119615482676, guid: 41b2d4f6f35b00c4ca1f147bd3df36a7,
        type: 3}
      propertyPath: m_LocalEulerAnglesHint.z
      value: 0
      objectReference: {fileID: 0}
    - target: {fileID: 6970299666446424630, guid: 41b2d4f6f35b00c4ca1f147bd3df36a7,
        type: 3}
      propertyPath: m_TargetGraphic
      value: 
      objectReference: {fileID: 2326231060504467509}
    - target: {fileID: 8475168805183997871, guid: 41b2d4f6f35b00c4ca1f147bd3df36a7,
        type: 3}
      propertyPath: tv
      value: 
      objectReference: {fileID: 903207109034248519}
    - target: {fileID: 8475168805183997871, guid: 41b2d4f6f35b00c4ca1f147bd3df36a7,
        type: 3}
      propertyPath: skybox
      value: 
      objectReference: {fileID: 2100000, guid: 0717fc01a73e59e4d9292f27debbbbd9, type: 2}
    - target: {fileID: 8475168805183997871, guid: 41b2d4f6f35b00c4ca1f147bd3df36a7,
        type: 3}
      propertyPath: serializationData.Prefab
      value: 
      objectReference: {fileID: 8475168805183997871, guid: 41b2d4f6f35b00c4ca1f147bd3df36a7,
        type: 3}
    - target: {fileID: 8475168805183997871, guid: 41b2d4f6f35b00c4ca1f147bd3df36a7,
        type: 3}
      propertyPath: serializationData.SerializedFormat
      value: 2
      objectReference: {fileID: 0}
    - target: {fileID: 8734648251955232330, guid: 41b2d4f6f35b00c4ca1f147bd3df36a7,
        type: 3}
      propertyPath: m_TargetGraphic
      value: 
      objectReference: {fileID: 7618833082305967914}
    m_RemovedComponents: []
    m_RemovedGameObjects: []
    m_AddedGameObjects: []
    m_AddedComponents: []
  m_SourcePrefab: {fileID: 100100000, guid: 41b2d4f6f35b00c4ca1f147bd3df36a7, type: 3}
--- !u!114 &2326231060504467509 stripped
MonoBehaviour:
  m_CorrespondingSourceObject: {fileID: 2067479168236167043, guid: 41b2d4f6f35b00c4ca1f147bd3df36a7,
    type: 3}
  m_PrefabInstance: {fileID: 4393621571150137270}
  m_PrefabAsset: {fileID: 0}
  m_GameObject: {fileID: 0}
  m_Enabled: 1
  m_EditorHideFlags: 0
  m_Script: {fileID: 11500000, guid: fe87c0e1cc204ed48ad3b37840f39efc, type: 3}
  m_Name: 
  m_EditorClassIdentifier: 
--- !u!114 &6596867653951402291 stripped
MonoBehaviour:
  m_CorrespondingSourceObject: {fileID: 7455022708186445445, guid: 41b2d4f6f35b00c4ca1f147bd3df36a7,
    type: 3}
  m_PrefabInstance: {fileID: 4393621571150137270}
  m_PrefabAsset: {fileID: 0}
  m_GameObject: {fileID: 0}
  m_Enabled: 1
  m_EditorHideFlags: 0
  m_Script: {fileID: 11500000, guid: fe87c0e1cc204ed48ad3b37840f39efc, type: 3}
  m_Name: 
  m_EditorClassIdentifier: 
--- !u!4 &6664397176296205442 stripped
Transform:
  m_CorrespondingSourceObject: {fileID: 6955236119615482676, guid: 41b2d4f6f35b00c4ca1f147bd3df36a7,
    type: 3}
  m_PrefabInstance: {fileID: 4393621571150137270}
  m_PrefabAsset: {fileID: 0}
--- !u!114 &7618833082305967914 stripped
MonoBehaviour:
  m_CorrespondingSourceObject: {fileID: 6143701368578420892, guid: 41b2d4f6f35b00c4ca1f147bd3df36a7,
    type: 3}
  m_PrefabInstance: {fileID: 4393621571150137270}
  m_PrefabAsset: {fileID: 0}
  m_GameObject: {fileID: 0}
  m_Enabled: 1
  m_EditorHideFlags: 0
  m_Script: {fileID: 11500000, guid: fe87c0e1cc204ed48ad3b37840f39efc, type: 3}
  m_Name: 
  m_EditorClassIdentifier: 
--- !u!114 &8155749912032068628 stripped
MonoBehaviour:
  m_CorrespondingSourceObject: {fileID: 5608754907109491618, guid: 41b2d4f6f35b00c4ca1f147bd3df36a7,
    type: 3}
  m_PrefabInstance: {fileID: 4393621571150137270}
  m_PrefabAsset: {fileID: 0}
  m_GameObject: {fileID: 0}
  m_Enabled: 1
  m_EditorHideFlags: 0
  m_Script: {fileID: 11500000, guid: fe87c0e1cc204ed48ad3b37840f39efc, type: 3}
  m_Name: 
  m_EditorClassIdentifier: 
--- !u!114 &8381421647985610932 stripped
MonoBehaviour:
  m_CorrespondingSourceObject: {fileID: 5235871207841486594, guid: 41b2d4f6f35b00c4ca1f147bd3df36a7,
    type: 3}
  m_PrefabInstance: {fileID: 4393621571150137270}
  m_PrefabAsset: {fileID: 0}
  m_GameObject: {fileID: 0}
  m_Enabled: 1
  m_EditorHideFlags: 0
  m_Script: {fileID: 11500000, guid: fe87c0e1cc204ed48ad3b37840f39efc, type: 3}
  m_Name: 
  m_EditorClassIdentifier: 
--- !u!114 &9069977138952319234 stripped
MonoBehaviour:
  m_CorrespondingSourceObject: {fileID: 4694527267400808116, guid: 41b2d4f6f35b00c4ca1f147bd3df36a7,
    type: 3}
  m_PrefabInstance: {fileID: 4393621571150137270}
  m_PrefabAsset: {fileID: 0}
  m_GameObject: {fileID: 0}
  m_Enabled: 1
  m_EditorHideFlags: 0
  m_Script: {fileID: 11500000, guid: fe87c0e1cc204ed48ad3b37840f39efc, type: 3}
  m_Name: 
  m_EditorClassIdentifier: 
